|init|battle
|title|corey1094 vs. Old_Man_Waffles
|j|☆corey1094
|j|☆Old_Man_Waffles
|player|p1|corey1094|170
|player|p2|Old_Man_Waffles|1
|teamsize|p1|6
|teamsize|p2|6
|gametype|singles
|gen|7
|tier|[Gen 7] Battle Factory
|rated|
|rule|Sleep Clause Mod: Limit one foe put to sleep
|clearpoke
|poke|p1|Sableye, M|item
|poke|p1|Torkoal, F|item
|poke|p1|Venusaur, F|item
|poke|p1|Escavalier, M|item
|poke|p1|Flygon, M|item
|poke|p1|Yanmega, F|item
|poke|p2|Ferroseed, F|item
|poke|p2|Ribombee, F|item
|poke|p2|Roserade, M|item
|poke|p2|Linoone, M|item
|poke|p2|Aerodactyl, F|item
|poke|p2|Torkoal, F|item
|rule|HP Percentage Mod: HP is shown in percentages
|rule|Mega Rayquaza Clause: You cannot mega evolve Rayquaza
|teampreview
|inactive|Battle timer is ON: inactive players will automatically lose when time's up. (requested by Old_Man_Waffles)
|
|start
|switch|p1a: Torkoal|Torkoal, F|100/100
|switch|p2a: Torkoal|Torkoal, F|100/100
|-weather|SunnyDay|[from] ability: Drought|[of] p2a: Torkoal
|turn|1
|inactive|Old_Man_Waffles has 135 seconds left.

|
|move|p2a: Torkoal|Stealth Rock|p1a: Torkoal
|-sidestart|p1: corey1094|move: Stealth Rock
|move|p1a: Torkoal|Stealth Rock|p2a: Torkoal
|-sidestart|p2: Old_Man_Waffles|move: Stealth Rock
|
|-weather|SunnyDay|[upkeep]
|upkeep
|turn|2

|
|move|p2a: Torkoal|Yawn|p1a: Torkoal
|-start|p1a: Torkoal|move: Yawn|[of] p2a: Torkoal
|move|p1a: Torkoal|Yawn|p2a: Torkoal
|-start|p2a: Torkoal|move: Yawn|[of] p1a: Torkoal
|
|-weather|SunnyDay|[upkeep]
|upkeep
|turn|3

|
|switch|p2a: Ribombee|Ribombee, F|100/100
|-damage|p2a: Ribombee|76/100|[from] Stealth Rock
|switch|p1a: Venusaur|Venusaur, F|100/100
|-damage|p1a: Venusaur|88/100|[from] Stealth Rock
|
|-weather|SunnyDay|[upkeep]
|upkeep
|turn|4

|inactive|corey1094 has 135 seconds left.

|
|move|p1a: Venusaur|Sludge Bomb|p2a: Ribombee
|-supereffective|p2a: Ribombee
|-damage|p2a: Ribombee|0 fnt
|faint|p2a: Ribombee
|
|-weather|SunnyDay|[upkeep]
|upkeep

|inactive|Old_Man_Waffles has 135 seconds left.

|
|switch|p2a: Aerodactyl|Aerodactyl, F|100/100
|-damage|p2a: Aerodactyl|76/100|[from] Stealth Rock
|-ability|p2a: Aerodactyl|Pressure
|turn|5

|inactive|corey1094 has 135 seconds left.

|
|-zpower|p1a: Venusaur
|move|p1a: Venusaur|Bloom Doom|p2a: Aerodactyl|[zeffect]
|-damage|p2a: Aerodactyl|0 fnt
|faint|p2a: Aerodactyl
|
|-weather|none
|upkeep

|inactive|Old_Man_Waffles has 135 seconds left.

|inactive|Old_Man_Waffles has 120 seconds left.

|
|switch|p2a: Torkoal|Torkoal, F|100/100
|-damage|p2a: Torkoal|76/100|[from] Stealth Rock
|-weather|SunnyDay|[from] ability: Drought|[of] p2a: Torkoal
|turn|6

|-message|Old_Man_Waffles forfeited.

|
|win|corey1094
