|init|battle
|title|sammeech vs. Old_Man_Waffles
|j|☆sammeech
|j|☆Old_Man_Waffles
|player|p1|sammeech|33
|player|p2|Old_Man_Waffles|101
|teamsize|p1|6
|teamsize|p2|6
|gametype|singles
|gen|7
|tier|[Gen 7] OU
|rule|Sleep Clause Mod: Limit one foe put to sleep
|rule|Species Clause: Limit one of each Pokémon
|rule|OHKO Clause: OHKO moves are banned
|rule|Moody Clause: Moody is banned
|rule|Evasion Moves Clause: Evasion moves are banned
|rule|Endless Battle Clause: Forcing endless battles is banned
|rule|HP Percentage Mod: HP is shown in percentages
|clearpoke
|poke|p1|Latias, F|item
|poke|p1|Ninetales-Alola, F|item
|poke|p1|Yanmega, M|item
|poke|p1|Xurkitree|item
|poke|p1|Sandslash-Alola, F|item
|poke|p1|Porygon-Z|item
|poke|p2|Magnezone|item
|poke|p2|Arcanine, M|item
|poke|p2|Venusaur, M|item
|poke|p2|Latias, F|item
|poke|p2|Donphan, M|item
|poke|p2|Azumarill, M|item
|teampreview
|c|☆Old_Man_Waffles|Good luck!
|c|☆sammeech|Same
|j| dancin_darunia
|c|☆sammeech|timer off or on?
|
|start
|switch|p1a: Latias|Latias, F|100/100
|switch|p2a: Plantasaur|Venusaur, M, shiny|100/100
|turn|1
|j| KvnLiao
|c|☆Old_Man_Waffles|Let's go off, I'm on mobile since I'm at work so my connection might lag a bit

|c|☆sammeech|ok

|
|switch|p2a: Oswald|Azumarill, M|100/100
|detailschange|p1a: Latias|Latias-Mega, F
|-mega|p1a: Latias|Latias|Latiasite
|move|p1a: Latias|Calm Mind|p1a: Latias
|-boost|p1a: Latias|spa|1
|-boost|p1a: Latias|spd|1
|
|upkeep
|turn|2

|c| dancin_darunia|I just realized that your Venusaur is just like my Moltres and Rotom lol

|c|☆Old_Man_Waffles|How so?

|c| KvnLiao|Wdym

|
|switch|p1a: Ninetales|Ninetales-Alola, F|100/100
|-weather|Hail|[from] ability: Snow Warning|[of] p1a: Ninetales
|move|p2a: Oswald|Play Rough|p1a: Ninetales
|-damage|p1a: Ninetales|7/100
|
|-weather|Hail|[upkeep]
|-damage|p2a: Oswald|94/100|[from] Hail
|upkeep
|turn|3

|
|move|p2a: Oswald|Aqua Jet|p1a: Ninetales
|-damage|p1a: Ninetales|0 fnt
|faint|p1a: Ninetales
|
|-weather|Hail|[upkeep]
|-damage|p2a: Oswald|88/100|[from] Hail
|upkeep

|c| dancin_darunia|Both are blind as fuck lol

|c| KvnLiao|Ohhh

|c| KvnLiao|Semms legit

|c| KvnLiao|I haxxed you pretty badly

|c|☆Old_Man_Waffles|Ah. Yes, mega Venusaur is blind as a damn bat

|
|switch|p1a: Porygon-Z|Porygon-Z|100/100
|turn|4

|
|switch|p2a: Norberta|Latias, F|100/100
|move|p1a: Porygon-Z|Tri Attack|p2a: Norberta
|-damage|p2a: Norberta|17/100
|
|-weather|Hail|[upkeep]
|-damage|p2a: Norberta|11/100|[from] Hail
|-damage|p1a: Porygon-Z|94/100|[from] Hail
|upkeep
|turn|5

|c| KvnLiao|But zubat cant miss toxic ¯\_(ツ)_/¯

|c| KvnLiao|Holy shit that was a lot of damage

|
|switch|p1a: Sandslash|Sandslash-Alola, F|100/100
|move|p2a: Norberta|Draco Meteor|p1a: Sandslash
|-resisted|p1a: Sandslash
|-damage|p1a: Sandslash|61/100
|-unboost|p2a: Norberta|spa|2
|
|-weather|Hail|[upkeep]
|-damage|p2a: Norberta|5/100|[from] Hail
|upkeep
|turn|6

|c| KvnLiao|To  a latias

|
|switch|p2a: Clifford|Arcanine, M|100/100
|-ability|p2a: Clifford|Intimidate|boost
|-unboost|p1a: Sandslash|atk|1
|move|p1a: Sandslash|Swords Dance|p1a: Sandslash
|-boost|p1a: Sandslash|atk|2
|
|-weather|none
|upkeep
|turn|7

|
|move|p2a: Clifford|Flare Blitz|p1a: Sandslash
|-supereffective|p1a: Sandslash
|-damage|p1a: Sandslash|0 fnt
|-damage|p2a: Clifford|80/100|[from] Recoil
|faint|p1a: Sandslash
|
|upkeep

|
|switch|p1a: Latias|Latias-Mega, F|100/100
|turn|8

|c| KvnLiao|Can you imagine if porygon could use z conversion

|c| KvnLiao|Under veil

|
|move|p1a: Latias|Psychic|p2a: Clifford
|-damage|p2a: Clifford|42/100
|move|p2a: Clifford|Crunch|p1a: Latias
|-supereffective|p1a: Latias
|-damage|p1a: Latias|54/100
|
|upkeep
|turn|9

|c| KvnLiao|How scary sam's team would be

|c|☆sammeech|i wish

|c| dancin_darunia|Latias is faaaaaaat holy cow

|c|☆sammeech|yeah

|c|☆sammeech|u mean phat

|c|☆sammeech|lol

|c| KvnLiao|Thats the point of getting mega tias over mega tios

|
|switch|p1a: Yanmega|Yanmega, M|100/100
|switch|p2a: Yeah B!|Magnezone|100/100
|
|upkeep
|turn|10

|c| KvnLiao|T H I C C

|
|move|p1a: Yanmega|Bug Buzz|p2a: Yeah B!
|-resisted|p2a: Yeah B!
|-damage|p2a: Yeah B!|29/100
|move|p2a: Yeah B!|Volt Switch|p1a: Yanmega
|-supereffective|p1a: Yanmega
|-damage|p1a: Yanmega|0 fnt
|faint|p1a: Yanmega

|c| KvnLiao|Tinted lens

|c| KvnLiao|Ouch

|c| KvnLiao|That hurts

|
|switch|p2a: Tantor|Donphan, M|100/100
|
|upkeep

|
|switch|p1a: Xurkitree|Xurkitree|100/100
|turn|11

|
|-zpower|p1a: Xurkitree
|move|p1a: Xurkitree|Z-Hypnosis|p2a: Tantor|[anim]Hypnosis|[miss]
|-boost|p1a: Xurkitree|spe|1|[zeffect]
|-miss|p1a: Xurkitree|p2a: Tantor
|move|p2a: Tantor|Earthquake|p1a: Xurkitree
|-supereffective|p1a: Xurkitree
|-damage|p1a: Xurkitree|0 fnt
|faint|p1a: Xurkitree
|
|upkeep

|c|☆sammeech|i am going for it

|j| Memer Hazy

|c|☆sammeech|nope

|
|switch|p1a: Latias|Latias-Mega, F|54/100
|turn|12

|c|☆Old_Man_Waffles|Oof

|c|☆sammeech|lol

|c| KvnLiao|60% to land

|c| KvnLiao|Mote like 6% tbh

|c|☆Old_Man_Waffles|Xurkitree must be hanging out with Mega Venusaur

|c|☆sammeech|tru

|
|switch|p2a: Oswald|Azumarill, M|88/100
|move|p1a: Latias|Psychic|p2a: Oswald
|-damage|p2a: Oswald|57/100
|
|upkeep
|turn|13

|c| dancin_darunia|Let's play 60% to win! Our first contestant... Xurkitree!

|c|☆sammeech|lol

|c|☆sammeech|gg

|
|move|p1a: Latias|Psychic|p2a: Oswald
|-damage|p2a: Oswald|23/100
|move|p2a: Oswald|Play Rough|p1a: Latias
|-supereffective|p1a: Latias
|-damage|p1a: Latias|0 fnt
|faint|p1a: Latias
|
|upkeep

|
|switch|p1a: Porygon-Z|Porygon-Z|94/100
|turn|14

|c| KvnLiao|I dont think it won

|
|move|p2a: Oswald|Aqua Jet|p1a: Porygon-Z
|-damage|p1a: Porygon-Z|55/100
|move|p1a: Porygon-Z|Tri Attack|p2a: Oswald
|-damage|p2a: Oswald|0 fnt
|faint|p2a: Oswald
|
|upkeep

|c| KvnLiao|Donphan has sturdy so it can pray for 1st urn wake up

|c| KvnLiao|And venu is T H I C C

|
|switch|p2a: Norberta|Latias, F|5/100
|turn|15

|c|☆sammeech|it isn't sleeping

|c|☆sammeech|lol

|c|☆Old_Man_Waffles|Gg

|
|move|p2a: Norberta|Draco Meteor|p1a: Porygon-Z
|-damage|p1a: Porygon-Z|0 fnt
|-unboost|p2a: Norberta|spa|2
|faint|p1a: Porygon-Z
|
|win|Old_Man_Waffles
