|init|battle
|title|big huhf vs. Old_Man_Waffles
|j|☆big huhf
|j|☆Old_Man_Waffles
|player|p1|big huhf|2
|player|p2|Old_Man_Waffles|101
|teamsize|p1|6
|teamsize|p2|6
|gametype|singles
|gen|7
|tier|[Gen 7] Battle Factory
|rated|
|rule|Sleep Clause Mod: Limit one foe put to sleep
|clearpoke
|poke|p1|Steelix, M|item
|poke|p1|Toxicroak, F|item
|poke|p1|Jellicent, F|item
|poke|p1|Sandslash-Alola, F|item
|poke|p1|Tornadus, M|item
|poke|p1|Marowak-Alola, M|item
|poke|p2|Seismitoad, M|item
|poke|p2|Nidoqueen, F|item
|poke|p2|Talonflame, F|item
|poke|p2|Chandelure, F|item
|poke|p2|Starmie|item
|poke|p2|Togekiss, M|item
|rule|HP Percentage Mod: HP is shown in percentages
|rule|Mega Rayquaza Clause: You cannot mega evolve Rayquaza
|teampreview
|inactive|Battle timer is ON: inactive players will automatically lose when time's up. (requested by big huhf)
|
|start
|switch|p1a: Steelix|Steelix, M|100/100
|switch|p2a: Seismitoad|Seismitoad, M|100/100
|turn|1

|
|detailschange|p1a: Steelix|Steelix-Mega, M
|-mega|p1a: Steelix|Steelix|Steelixite
|move|p2a: Seismitoad|Stealth Rock|p1a: Steelix
|-sidestart|p1: big huhf|move: Stealth Rock
|move|p1a: Steelix|Stealth Rock|p2a: Seismitoad
|-sidestart|p2: Old_Man_Waffles|move: Stealth Rock
|
|upkeep
|turn|2

|
|move|p2a: Seismitoad|Earthquake|p1a: Steelix
|-supereffective|p1a: Steelix
|-damage|p1a: Steelix|72/100
|move|p1a: Steelix|Toxic|p2a: Seismitoad
|-status|p2a: Seismitoad|tox
|
|-damage|p2a: Seismitoad|94/100 tox|[from] psn
|upkeep
|turn|3

|inactive|Old_Man_Waffles has 135 seconds left.

|
|switch|p1a: Tornadus|Tornadus, M|100/100
|-damage|p1a: Tornadus|76/100|[from] Stealth Rock
|move|p2a: Seismitoad|Earthquake|p1a: Tornadus
|-immune|p1a: Tornadus|[msg]
|
|-heal|p2a: Seismitoad|100/100 tox|[from] item: Leftovers
|-damage|p2a: Seismitoad|88/100 tox|[from] psn
|upkeep
|turn|4

|
|move|p1a: Tornadus|Knock Off|p2a: Seismitoad
|-damage|p2a: Seismitoad|64/100 tox
|-enditem|p2a: Seismitoad|Leftovers|[from] move: Knock Off|[of] p1a: Tornadus
|-damage|p1a: Tornadus|66/100|[from] item: Life Orb
|move|p2a: Seismitoad|Toxic|p1a: Tornadus
|-status|p1a: Tornadus|tox
|
|-damage|p1a: Tornadus|60/100 tox|[from] psn
|-damage|p2a: Seismitoad|46/100 tox|[from] psn
|upkeep
|turn|5

|inactive|Old_Man_Waffles has 135 seconds left.

|
|switch|p2a: Starmie|Starmie|100/100
|-damage|p2a: Starmie|88/100|[from] Stealth Rock
|move|p1a: Tornadus|Superpower|p2a: Starmie
|-resisted|p2a: Starmie
|-damage|p2a: Starmie|62/100
|-unboost|p1a: Tornadus|atk|1
|-unboost|p1a: Tornadus|def|1
|-damage|p1a: Tornadus|50/100 tox|[from] item: Life Orb
|
|-heal|p2a: Starmie|68/100|[from] item: Leftovers
|-damage|p1a: Tornadus|38/100 tox|[from] psn
|upkeep
|turn|6

|inactive|Old_Man_Waffles has 135 seconds left.

|-message|big huhf forfeited.

|
|win|Old_Man_Waffles
