|init|battle
|title|PYUKUMUKU IZ GOD vs. AngelicaSHRojas3
|j|☆PYUKUMUKU IZ GOD
|j|☆AngelicaSHRojas3
|player|p1|PYUKUMUKU IZ GOD|2
|player|p2|AngelicaSHRojas3|122
|teamsize|p1|6
|teamsize|p2|6
|gametype|singles
|gen|7
|tier|[Gen 7] OU
|rated|
|rule|Sleep Clause Mod: Limit one foe put to sleep
|rule|Species Clause: Limit one of each Pokémon
|rule|OHKO Clause: OHKO moves are banned
|rule|Moody Clause: Moody is banned
|rule|Evasion Moves Clause: Evasion moves are banned
|rule|Endless Battle Clause: Forcing endless battles is banned
|rule|HP Percentage Mod: HP is shown in percentages
|clearpoke
|poke|p1|Pyukumuku, F|item
|poke|p1|Chansey, F|item
|poke|p1|Sableye, F|item
|poke|p1|Skarmory, F|item
|poke|p1|Clefable, F|item
|poke|p1|Toxapex, F|item
|poke|p2|Ninetales-Alola, M|item
|poke|p2|Greninja, M|item
|poke|p2|Magnezone|item
|poke|p2|Blacephalon|item
|poke|p2|Landorus-Therian, M|item
|poke|p2|Lopunny, M|item
|teampreview
|
|start
|switch|p1a: Reverse|Sableye, F|100/100
|switch|p2a: Lopunny|Lopunny, M|100/100
|turn|1
|l|☆AngelicaSHRojas3
|player|p2|
|inactive|Battle timer is ON: inactive players will automatically lose when time's up. (requested by PYUKUMUKU IZ GOD)
|j|☆AngelicaSHRojas3
|inactive|AngelicaSHRojas3 reconnected and has 135 seconds left.
|player|p2|AngelicaSHRojas3|122
|inactive|AngelicaSHRojas3 has 120 seconds left.
|
|detailschange|p2a: Lopunny|Lopunny-Mega, M
|-mega|p2a: Lopunny|Lopunny|Lopunnite
|move|p2a: Lopunny|High Jump Kick|p1a: Reverse
|-supereffective|p1a: Reverse
|-damage|p1a: Reverse|0 fnt
|faint|p1a: Reverse
|
|upkeep
|inactive|PYUKUMUKU IZ GOD has 135 seconds left.
|inactive|PYUKUMUKU IZ GOD has 120 seconds left.
|
|switch|p1a: Nightmare|Pyukumuku, F|100/100
|turn|2
|inactive|AngelicaSHRojas3 has 135 seconds left.
|inactive|AngelicaSHRojas3 has 120 seconds left.
|
|switch|p2a: Copia barata|Ninetales-Alola, M|100/100
|-weather|Hail|[from] ability: Snow Warning|[of] p2a: Copia barata
|move|p1a: Nightmare|Soak|p2a: Copia barata
|-start|p2a: Copia barata|typechange|Water
|
|-weather|Hail|[upkeep]
|-damage|p2a: Copia barata|94/100|[from] Hail
|-damage|p1a: Nightmare|94/100|[from] Hail
|-heal|p1a: Nightmare|100/100|[from] item: Leftovers
|upkeep
|turn|3
|
|move|p2a: Copia barata|Encore|p1a: Nightmare
|-start|p1a: Nightmare|Encore
|move|p1a: Nightmare|Soak|p2a: Copia barata
|-start|p2a: Copia barata|typechange|Water
|
|-weather|Hail|[upkeep]
|-damage|p2a: Copia barata|88/100|[from] Hail
|-damage|p1a: Nightmare|94/100|[from] Hail
|-heal|p1a: Nightmare|100/100|[from] item: Leftovers
|upkeep
|turn|4
|
|switch|p1a: Thiq|Chansey, F|100/100
|move|p2a: Copia barata|Aurora Veil|p2a: Copia barata
|-sidestart|p2: AngelicaSHRojas3|move: Aurora Veil
|
|-weather|Hail|[upkeep]
|-damage|p2a: Copia barata|82/100|[from] Hail
|-damage|p1a: Thiq|94/100|[from] Hail
|upkeep
|turn|5
|
|switch|p2a: Landorus|Landorus-Therian, M|100/100
|-ability|p2a: Landorus|Intimidate|boost
|-unboost|p1a: Thiq|atk|1
|move|p1a: Thiq|Stealth Rock|p2a: Landorus
|-sidestart|p2: AngelicaSHRojas3|move: Stealth Rock
|
|-weather|Hail|[upkeep]
|-damage|p2a: Landorus|95/100|[from] Hail
|-damage|p1a: Thiq|88/100|[from] Hail
|upkeep
|turn|6
|
|switch|p1a: birdo|Skarmory, F|100/100
|move|p2a: Landorus|Stealth Rock|p1a: birdo
|-sidestart|p1: PYUKUMUKU IZ GOD|move: Stealth Rock
|
|-weather|none
|upkeep
|turn|7
|inactive|PYUKUMUKU IZ GOD has 135 seconds left.
|
|switch|p2a: Te atrape|Magnezone|100/100
|-damage|p2a: Te atrape|94/100|[from] Stealth Rock
|move|p1a: birdo|Spikes|p2a: Te atrape
|-sidestart|p2: AngelicaSHRojas3|Spikes
|
|upkeep
|turn|8
|
|move|p2a: Te atrape|Thunderbolt|p1a: birdo
|-supereffective|p1a: birdo
|-ability|p1a: birdo|Sturdy
|-damage|p1a: birdo|1/100
|move|p1a: birdo|Whirlwind|p2a: Te atrape
|drag|p2a: Landorus|Landorus-Therian, M|95/100
|-damage|p2a: Landorus|82/100|[from] Stealth Rock
|-ability|p2a: Landorus|Intimidate|boost
|-unboost|p1a: birdo|atk|1
|
|-heal|p1a: birdo|7/100|[from] item: Leftovers
|upkeep
|turn|9
|
|move|p2a: Landorus|Defog|p1a: birdo
|-unboost|p1a: birdo|evasion|1
|-sideend|p1: PYUKUMUKU IZ GOD|Stealth Rock|[from] move: Defog|[of] p1a: birdo
|-sideend|p2: AngelicaSHRojas3|Spikes|[from] move: Defog|[of] p2a: Landorus
|-sideend|p2: AngelicaSHRojas3|Stealth Rock|[from] move: Defog|[of] p2a: Landorus
|move|p1a: birdo|Spikes|p2a: Landorus
|-sidestart|p2: AngelicaSHRojas3|Spikes
|
|-heal|p1a: birdo|13/100|[from] item: Leftovers
|upkeep
|turn|10
|
|move|p2a: Landorus|Hidden Power|p1a: birdo
|-damage|p1a: birdo|0 fnt
|faint|p1a: birdo
|
|upkeep
|
|switch|p1a: Nightmare|Pyukumuku, F|100/100
|turn|11
|
|move|p2a: Landorus|Defog|p1a: Nightmare
|-unboost|p1a: Nightmare|evasion|1
|-sideend|p2: AngelicaSHRojas3|Spikes|[from] move: Defog|[of] p2a: Landorus
|move|p1a: Nightmare|Block|p2a: Landorus
|-activate|p2a: Landorus|trapped
|
|-sideend|p2: AngelicaSHRojas3|move: Aurora Veil
|upkeep
|turn|12

|inactive|AngelicaSHRojas3 has 135 seconds left.

|
|move|p2a: Landorus|Stealth Rock|p1a: Nightmare
|-sidestart|p1: PYUKUMUKU IZ GOD|move: Stealth Rock
|move|p1a: Nightmare|Soak|p2a: Landorus
|-start|p2a: Landorus|typechange|Water
|
|upkeep
|turn|13

|inactive|AngelicaSHRojas3 has 135 seconds left.

|
|move|p2a: Landorus|Earthquake|p1a: Nightmare
|-damage|p1a: Nightmare|67/100
|move|p1a: Nightmare|Toxic|p2a: Landorus
|-status|p2a: Landorus|tox
|
|-heal|p1a: Nightmare|73/100|[from] item: Leftovers
|-damage|p2a: Landorus|76/100 tox|[from] psn
|upkeep
|turn|14

|
|move|p2a: Landorus|Earthquake|p1a: Nightmare
|-damage|p1a: Nightmare|38/100
|move|p1a: Nightmare|Recover|p1a: Nightmare
|-heal|p1a: Nightmare|88/100
|
|-heal|p1a: Nightmare|94/100|[from] item: Leftovers
|-damage|p2a: Landorus|64/100 tox|[from] psn
|upkeep
|turn|15

|
|move|p2a: Landorus|Earthquake|p1a: Nightmare
|-damage|p1a: Nightmare|59/100
|move|p1a: Nightmare|Soak|p2a: Landorus
|-start|p2a: Landorus|typechange|Water
|
|-heal|p1a: Nightmare|65/100|[from] item: Leftovers
|-damage|p2a: Landorus|47/100 tox|[from] psn
|upkeep
|turn|16

|
|move|p2a: Landorus|Earthquake|p1a: Nightmare
|-damage|p1a: Nightmare|28/100
|move|p1a: Nightmare|Soak|p2a: Landorus
|-start|p2a: Landorus|typechange|Water
|
|-heal|p1a: Nightmare|34/100|[from] item: Leftovers
|-damage|p2a: Landorus|23/100 tox|[from] psn
|upkeep
|turn|17

|inactive|PYUKUMUKU IZ GOD has 135 seconds left.

|
|switch|p1a: u thot|Clefable, F|100/100
|move|p2a: Landorus|Earthquake|p1a: u thot
|-damage|p1a: u thot|68/100
|
|-heal|p1a: u thot|74/100|[from] item: Leftovers
|-damage|p2a: Landorus|0 fnt|[from] psn
|upkeep
|faint|p2a: Landorus

|
|switch|p2a: Blacephalon|Blacephalon|100/100
|turn|18

|
|switch|p1a: Thiq|Chansey, F|88/100
|-damage|p1a: Thiq|76/100|[from] Stealth Rock
|move|p2a: Blacephalon|Trick|p1a: Thiq
|-activate|p2a: Blacephalon|move: Trick|[of] p1a: Thiq
|-item|p1a: Thiq|Choice Scarf|[from] move: Trick
|-item|p2a: Blacephalon|Eviolite|[from] move: Trick
|
|upkeep
|turn|19

|inactive|AngelicaSHRojas3 has 135 seconds left.

|
|switch|p2a: Lopunny|Lopunny-Mega, M|100/100
|move|p1a: Thiq|Stealth Rock|p2a: Lopunny
|-sidestart|p2: AngelicaSHRojas3|move: Stealth Rock
|
|upkeep
|turn|20

|inactive|AngelicaSHRojas3 has 135 seconds left.

|
|switch|p1a: sexy pexy|Toxapex, F|100/100
|-damage|p1a: sexy pexy|88/100|[from] Stealth Rock
|move|p2a: Lopunny|High Jump Kick|p1a: sexy pexy
|-resisted|p1a: sexy pexy
|-crit|p1a: sexy pexy
|-damage|p1a: sexy pexy|55/100
|
|-heal|p1a: sexy pexy|61/100|[from] item: Black Sludge
|upkeep
|turn|21

|
|move|p2a: Lopunny|Return|p1a: sexy pexy
|-damage|p1a: sexy pexy|29/100
|move|p1a: sexy pexy|Recover|p1a: sexy pexy
|-heal|p1a: sexy pexy|79/100
|
|-heal|p1a: sexy pexy|86/100|[from] item: Black Sludge
|upkeep
|turn|22

|inactive|AngelicaSHRojas3 has 135 seconds left.

|
|move|p2a: Lopunny|Return|p1a: sexy pexy
|-damage|p1a: sexy pexy|50/100
|move|p1a: sexy pexy|Scald|p2a: Lopunny
|-damage|p2a: Lopunny|79/100
|
|-heal|p1a: sexy pexy|56/100|[from] item: Black Sludge
|upkeep
|turn|23

|
|move|p2a: Lopunny|Return|p1a: sexy pexy
|-damage|p1a: sexy pexy|21/100
|move|p1a: sexy pexy|Recover|p1a: sexy pexy
|-heal|p1a: sexy pexy|71/100
|
|-heal|p1a: sexy pexy|77/100|[from] item: Black Sludge
|upkeep
|turn|24

|inactive|AngelicaSHRojas3 has 135 seconds left.

|
|switch|p2a: Te atrape|Magnezone|94/100
|-damage|p2a: Te atrape|88/100|[from] Stealth Rock
|move|p1a: sexy pexy|Scald|p2a: Te atrape
|-damage|p2a: Te atrape|74/100
|
|-heal|p1a: sexy pexy|83/100|[from] item: Black Sludge
|upkeep
|turn|25

|
|move|p2a: Te atrape|Volt Switch|p1a: sexy pexy
|-supereffective|p1a: sexy pexy
|-damage|p1a: sexy pexy|25/100

|
|switch|p2a: Copia barata|Ninetales-Alola, M|82/100
|-damage|p2a: Copia barata|58/100|[from] Stealth Rock
|-weather|Hail|[from] ability: Snow Warning|[of] p2a: Copia barata
|move|p1a: sexy pexy|Recover|p1a: sexy pexy
|-heal|p1a: sexy pexy|75/100
|
|-weather|Hail|[upkeep]
|-damage|p1a: sexy pexy|69/100|[from] Hail
|-heal|p1a: sexy pexy|75/100|[from] item: Black Sludge
|upkeep
|turn|26

|inactive|PYUKUMUKU IZ GOD has 135 seconds left.

|inactive|PYUKUMUKU IZ GOD has 120 seconds left.

|
|switch|p1a: u thot|Clefable, F|74/100
|move|p2a: Copia barata|Encore|p1a: u thot
|-fail|p2a: Copia barata
|
|-weather|Hail|[upkeep]
|-heal|p1a: u thot|80/100|[from] item: Leftovers
|upkeep
|turn|27

|
|move|p2a: Copia barata|Aurora Veil|p2a: Copia barata
|-sidestart|p2: AngelicaSHRojas3|move: Aurora Veil
|move|p1a: u thot|Fire Blast|p2a: Copia barata
|-supereffective|p2a: Copia barata
|-damage|p2a: Copia barata|35/100
|
|-weather|Hail|[upkeep]
|-heal|p1a: u thot|86/100|[from] item: Leftovers
|upkeep
|turn|28

|
|switch|p2a: Blacephalon|Blacephalon|100/100
|-damage|p2a: Blacephalon|75/100|[from] Stealth Rock
|move|p1a: u thot|Fire Blast|p2a: Blacephalon
|-resisted|p2a: Blacephalon
|-damage|p2a: Blacephalon|65/100
|
|-weather|Hail|[upkeep]
|-damage|p2a: Blacephalon|59/100|[from] Hail
|-heal|p1a: u thot|92/100|[from] item: Leftovers
|upkeep
|turn|29

|inactive|AngelicaSHRojas3 has 135 seconds left.

|
|move|p2a: Blacephalon|Shadow Ball|p1a: u thot
|-damage|p1a: u thot|52/100
|move|p1a: u thot|Fire Blast|p2a: Blacephalon
|-resisted|p2a: Blacephalon
|-damage|p2a: Blacephalon|50/100
|
|-weather|none
|-heal|p1a: u thot|58/100|[from] item: Leftovers
|upkeep
|turn|30

|
|move|p2a: Blacephalon|Shadow Ball|p1a: u thot
|-damage|p1a: u thot|13/100
|move|p1a: u thot|Moonblast|p2a: Blacephalon
|-resisted|p2a: Blacephalon
|-damage|p2a: Blacephalon|37/100
|
|-heal|p1a: u thot|19/100|[from] item: Leftovers
|upkeep
|turn|31

|
|switch|p1a: Thiq|Chansey, F|76/100
|-damage|p1a: Thiq|64/100|[from] Stealth Rock
|move|p2a: Blacephalon|Flamethrower|p1a: Thiq
|-damage|p1a: Thiq|41/100
|
|upkeep
|turn|32

|
|move|p2a: Blacephalon|Flamethrower|p1a: Thiq
|-damage|p1a: Thiq|17/100
|move|p1a: Thiq|Soft-Boiled|p1a: Thiq
|-heal|p1a: Thiq|67/100
|
|upkeep
|turn|33

|
|move|p2a: Blacephalon|Shadow Ball|p1a: Thiq
|-immune|p1a: Thiq|[msg]
|move|p1a: Thiq|Soft-Boiled|p1a: Thiq
|-heal|p1a: Thiq|100/100
|
|upkeep
|turn|34

|inactive|PYUKUMUKU IZ GOD has 135 seconds left.

|
|switch|p1a: u thot|Clefable, F|19/100
|move|p2a: Blacephalon|Psychic|p1a: u thot
|-damage|p1a: u thot|0 fnt
|faint|p1a: u thot
|-ability|p2a: Blacephalon|Beast Boost|boost
|-boost|p2a: Blacephalon|spa|1
|
|-sideend|p2: AngelicaSHRojas3|move: Aurora Veil
|upkeep

|
|switch|p1a: Nightmare|Pyukumuku, F|34/100
|-damage|p1a: Nightmare|21/100|[from] Stealth Rock
|turn|35

|inactive|AngelicaSHRojas3 has 135 seconds left.

|
|move|p2a: Blacephalon|Shadow Ball|p1a: Nightmare
|-damage|p1a: Nightmare|0 fnt
|faint|p1a: Nightmare
|-ability|p2a: Blacephalon|Beast Boost|boost
|-boost|p2a: Blacephalon|spa|1
|
|upkeep

|inactive|PYUKUMUKU IZ GOD has 135 seconds left.

|
|switch|p1a: sexy pexy|Toxapex, F|100/100
|-damage|p1a: sexy pexy|88/100|[from] Stealth Rock
|turn|36

|
|move|p2a: Blacephalon|Psychic|p1a: sexy pexy
|-supereffective|p1a: sexy pexy
|-damage|p1a: sexy pexy|0 fnt
|faint|p1a: sexy pexy
|-ability|p2a: Blacephalon|Beast Boost|boost
|-boost|p2a: Blacephalon|spa|1
|
|upkeep

|
|switch|p1a: Thiq|Chansey, F|100/100
|-damage|p1a: Thiq|88/100|[from] Stealth Rock
|turn|37

|-message|PYUKUMUKU IZ GOD forfeited.

|
|win|AngelicaSHRojas3
