|init|battle
|title|yeetadakimasu vs. The Yeet King
|j|☆yeetadakimasu
|j|☆The Yeet King
|player|p1|yeetadakimasu|170
|player|p2|The Yeet King|156
|teamsize|p1|6
|teamsize|p2|6
|gametype|singles
|gen|7
|tier|[Gen 7] UU
|rated|
|rule|Sleep Clause Mod: Limit one foe put to sleep
|rule|Species Clause: Limit one of each Pokémon
|rule|OHKO Clause: OHKO moves are banned
|rule|Moody Clause: Moody is banned
|rule|Evasion Moves Clause: Evasion moves are banned
|rule|Endless Battle Clause: Forcing endless battles is banned
|rule|HP Percentage Mod: HP is shown in percentages
|clearpoke
|poke|p1|Pidgeot, M|item
|poke|p1|Swampert, M|item
|poke|p1|Durant, F|item
|poke|p1|Arcanine, M|item
|poke|p1|Raikou|item
|poke|p1|Lycanroc-Dusk, F|item
|poke|p2|Diancie|item
|poke|p2|Scizor, M|item
|poke|p2|Magneton|item
|poke|p2|Hydreigon, M|item
|poke|p2|Krookodile, F|item
|poke|p2|Gengar, F|item
|teampreview
|
|start
|switch|p1a: Arcanine|Arcanine, M|100/100
|switch|p2a: socks and crocs|Krookodile, F|100/100
|-ability|p2a: socks and crocs|Intimidate|boost
|-unboost|p1a: Arcanine|atk|1
|-ability|p1a: Arcanine|Intimidate|boost
|-unboost|p2a: socks and crocs|atk|1
|turn|1
|c|☆The Yeet King|intimidate my ass
|
|switch|p1a: Durant|Durant, F|100/100
|move|p2a: socks and crocs|Stealth Rock|p1a: Durant
|-sidestart|p1: yeetadakimasu|move: Stealth Rock
|
|upkeep
|turn|2
|c|☆yeetadakimasu|fuck
|c|☆yeetadakimasu|this thing only has 3 moves
|
|switch|p2a: magic houdini|Magneton|100/100
|move|p1a: Durant|X-Scissor|p2a: magic houdini
|-resisted|p2a: magic houdini
|-damage|p2a: magic houdini|35/100
|
|upkeep
|turn|3
|c|☆The Yeet King|whatever nerd
|
|move|p2a: magic houdini|Hidden Power|p1a: Durant
|-supereffective|p1a: Durant
|-damage|p1a: Durant|0 fnt
|faint|p1a: Durant
|
|upkeep

|c|☆The Yeet King|get owned already

|c|☆The Yeet King|shoulda picked scarf

|
|switch|p1a: Pidgeot|Pidgeot, M|100/100
|-damage|p1a: Pidgeot|76/100|[from] Stealth Rock
|turn|4

|
|detailschange|p1a: Pidgeot|Pidgeot-Mega, M
|-mega|p1a: Pidgeot|Pidgeot|Pidgeotite
|move|p2a: magic houdini|Hidden Power|p1a: Pidgeot
|-damage|p1a: Pidgeot|50/100
|move|p1a: Pidgeot|Heat Wave|p2a: magic houdini
|-supereffective|p2a: magic houdini
|-damage|p2a: magic houdini|0 fnt
|faint|p2a: magic houdini
|
|upkeep

|
|switch|p2a: shiny clefairy|Gengar, F|100/100
|turn|5

|
|move|p2a: shiny clefairy|Sludge Wave|p1a: Pidgeot
|-damage|p1a: Pidgeot|0 fnt
|faint|p1a: Pidgeot
|
|upkeep

|
|switch|p1a: Lycanroc|Lycanroc-Dusk, F|100/100
|-damage|p1a: Lycanroc|88/100|[from] Stealth Rock
|turn|6

|inactive|Battle timer is ON: inactive players will automatically lose when time's up. (requested by The Yeet King)

|inactive|The Yeet King has 135 seconds left.

|inactive|The Yeet King has 120 seconds left.

|c|☆yeetadakimasu|take your time

|inactive|The Yeet King has 105 seconds left.

|
|move|p1a: Lycanroc|Sucker Punch|p2a: shiny clefairy
|-supereffective|p2a: shiny clefairy
|-damage|p2a: shiny clefairy|0 fnt
|-start|p1a: Lycanroc|Disable|Sucker Punch|[from] ability: Cursed Body|[of] p2a: shiny clefairy
|-damage|p1a: Lycanroc|78/100|[from] item: Life Orb
|faint|p2a: shiny clefairy
|
|upkeep

|c|☆The Yeet King|what the fuck

|c|☆The Yeet King|fuuuuck

|inactive|The Yeet King has 135 seconds left.

|
|switch|p2a: Scizor|Scizor, M|100/100
|turn|7

|
|switch|p1a: Swampert|Swampert, M|100/100
|-damage|p1a: Swampert|94/100|[from] Stealth Rock
|move|p2a: Scizor|Superpower|p1a: Swampert
|-damage|p1a: Swampert|43/100
|-unboost|p2a: Scizor|atk|1
|-unboost|p2a: Scizor|def|1
|-damage|p2a: Scizor|91/100|[from] item: Life Orb
|
|-heal|p1a: Swampert|49/100|[from] item: Leftovers
|upkeep
|turn|8

|inactive|yeetadakimasu has 135 seconds left.

|
|switch|p2a: bitch dragon|Hydreigon, M|100/100
|move|p1a: Swampert|Waterfall|p2a: bitch dragon
|-resisted|p2a: bitch dragon
|-damage|p2a: bitch dragon|78/100
|
|-heal|p1a: Swampert|55/100|[from] item: Leftovers
|upkeep
|turn|9

|inactive|yeetadakimasu has 135 seconds left.

|
|move|p2a: bitch dragon|Dark Pulse|p1a: Swampert
|-damage|p1a: Swampert|1/100
|move|p1a: Swampert|Hammer Arm|p2a: bitch dragon|[miss]
|-miss|p1a: Swampert|p2a: bitch dragon
|
|-heal|p1a: Swampert|7/100|[from] item: Leftovers
|upkeep
|turn|10

|
|move|p2a: bitch dragon|Dark Pulse|p1a: Swampert
|-crit|p1a: Swampert
|-damage|p1a: Swampert|0 fnt
|faint|p1a: Swampert
|
|upkeep

|
|switch|p1a: Lycanroc|Lycanroc-Dusk, F|78/100
|-damage|p1a: Lycanroc|66/100|[from] Stealth Rock
|turn|11

|
|move|p1a: Lycanroc|Accelerock|p2a: bitch dragon
|-damage|p2a: bitch dragon|38/100
|-damage|p1a: Lycanroc|56/100|[from] item: Life Orb
|move|p2a: bitch dragon|Dark Pulse|p1a: Lycanroc
|-damage|p1a: Lycanroc|0 fnt
|faint|p1a: Lycanroc
|
|upkeep

|
|switch|p1a: Arcanine|Arcanine, M|100/100
|-damage|p1a: Arcanine|76/100|[from] Stealth Rock
|-ability|p1a: Arcanine|Intimidate|boost
|-unboost|p2a: bitch dragon|atk|1
|turn|12

|
|move|p1a: Arcanine|Extreme Speed|p2a: bitch dragon
|-damage|p2a: bitch dragon|0 fnt
|-damage|p1a: Arcanine|66/100|[from] item: Life Orb
|faint|p2a: bitch dragon
|
|upkeep

|
|switch|p2a: socks and crocs|Krookodile, F|100/100
|-ability|p2a: socks and crocs|Intimidate|boost
|-unboost|p1a: Arcanine|atk|1
|turn|13

|
|-zpower|p2a: socks and crocs
|move|p2a: socks and crocs|Tectonic Rage|p1a: Arcanine|[zeffect]
|-supereffective|p1a: Arcanine
|-damage|p1a: Arcanine|0 fnt
|faint|p1a: Arcanine
|
|upkeep

|
|switch|p1a: Raikou|Raikou|100/100
|-damage|p1a: Raikou|88/100|[from] Stealth Rock
|turn|14

|inactive|The Yeet King has 135 seconds left.

|
|move|p1a: Raikou|Shadow Ball|p2a: socks and crocs
|-resisted|p2a: socks and crocs
|-damage|p2a: socks and crocs|81/100
|move|p2a: socks and crocs|Earthquake|p1a: Raikou
|-supereffective|p1a: Raikou
|-damage|p1a: Raikou|0 fnt
|faint|p1a: Raikou
|
|win|The Yeet King
