|init|battle
|title|The Yeet King vs. SkyknightUM
|j|☆The Yeet King
|j|☆SkyknightUM
|player|p1|The Yeet King|156
|player|p2|SkyknightUM|80
|teamsize|p1|6
|teamsize|p2|6
|gametype|singles
|gen|7
|tier|[Gen 7] UU
|rated|
|rule|Sleep Clause Mod: Limit one foe put to sleep
|rule|Species Clause: Limit one of each Pokémon
|rule|OHKO Clause: OHKO moves are banned
|rule|Moody Clause: Moody is banned
|rule|Evasion Moves Clause: Evasion moves are banned
|rule|Endless Battle Clause: Forcing endless battles is banned
|rule|HP Percentage Mod: HP is shown in percentages
|clearpoke
|poke|p1|Infernape, F|item
|poke|p1|Rotom-Mow|item
|poke|p1|Scizor, M|item
|poke|p1|Swampert, M|item
|poke|p1|Latias, F|item
|poke|p1|Nihilego|item
|poke|p2|Hippowdon, M|item
|poke|p2|Altaria, M|item
|poke|p2|Moltres|item
|poke|p2|Empoleon, M|item
|poke|p2|Gengar, M|item
|poke|p2|Infernape, M|item
|teampreview
|c|☆The Yeet King|ayo
|c|☆The Yeet King|fuck right off
|c|☆SkyknightUM|?
|inactive|Battle timer is ON: inactive players will automatically lose when time's up. (requested by SkyknightUM)
|c|☆The Yeet King|what?
|inactive|The Yeet King has 135 seconds left.
|inactive|The Yeet King has 120 seconds left.
|inactive|The Yeet King has 105 seconds left.

|inactive|The Yeet King has 90 seconds left.

|inactive|The Yeet King has 75 seconds left.

|inactive|The Yeet King has 60 seconds left.

|inactive|The Yeet King has 45 seconds left.

|
|start
|switch|p1a: roids frog|Swampert, M|100/100
|switch|p2a: Infernape|Infernape, M|100/100
|turn|1

|inactive|The Yeet King has 105 seconds left.

|
|move|p2a: Infernape|U-turn|p1a: roids frog
|-damage|p1a: roids frog|87/100

|
|switch|p2a: Altaria|Altaria, M|100/100
|move|p1a: roids frog|Stealth Rock|p2a: Altaria
|-sidestart|p2: SkyknightUM|move: Stealth Rock
|
|-heal|p1a: roids frog|93/100|[from] item: Leftovers
|upkeep
|turn|2

|
|switch|p2a: Hippowdon|Hippowdon, M|100/100
|-damage|p2a: Hippowdon|94/100|[from] Stealth Rock
|-weather|Sandstorm|[from] ability: Sand Stream|[of] p2a: Hippowdon
|move|p1a: roids frog|Roar|p2a: Hippowdon
|drag|p2a: Gengar|Gengar, M|100/100
|-damage|p2a: Gengar|88/100|[from] Stealth Rock
|
|-weather|Sandstorm|[upkeep]
|-damage|p2a: Gengar|82/100|[from] Sandstorm
|-heal|p1a: roids frog|99/100|[from] item: Leftovers
|upkeep
|turn|3

|c|☆The Yeet King|yo mega altaria my ass

|c|☆SkyknightUM|lol

|inactive|The Yeet King has 120 seconds left.

|inactive|The Yeet King has 105 seconds left.

|inactive|The Yeet King has 90 seconds left.

|inactive|The Yeet King has 75 seconds left.

|inactive|The Yeet King has 60 seconds left.

|inactive|The Yeet King has 45 seconds left.

|
|move|p2a: Gengar|Shadow Ball|p1a: roids frog
|-damage|p1a: roids frog|41/100
|move|p1a: roids frog|Scald|p2a: Gengar
|-damage|p2a: Gengar|43/100
|
|-weather|Sandstorm|[upkeep]
|-damage|p2a: Gengar|37/100|[from] Sandstorm
|-heal|p1a: roids frog|48/100|[from] item: Leftovers
|upkeep
|turn|4

|inactive|The Yeet King has 45 seconds left.

|inactive|The Yeet King has 30 seconds left.

|inactive|The Yeet King has 20 seconds left.

|inactive|The Yeet King has 15 seconds left.

|inactive|The Yeet King has 10 seconds left.

|inactive|The Yeet King has 5 seconds left.

|
|move|p2a: Gengar|Shadow Ball|p1a: roids frog
|-damage|p1a: roids frog|0 fnt
|faint|p1a: roids frog
|
|-weather|Sandstorm|[upkeep]
|-damage|p2a: Gengar|31/100|[from] Sandstorm
|upkeep

|inactive|The Yeet King has 10 seconds left.

|
|switch|p1a: bitch squid|Nihilego|100/100
|turn|5

|inactive|The Yeet King has 15 seconds left.

|
|move|p1a: bitch squid|Protect|p1a: bitch squid
|-singleturn|p1a: bitch squid|Protect
|move|p2a: Gengar|Shadow Ball|p1a: bitch squid
|-activate|p1a: bitch squid|move: Protect
|
|-weather|Sandstorm|[upkeep]
|-damage|p2a: Gengar|25/100|[from] Sandstorm
|upkeep
|turn|6

|inactive|The Yeet King has 20 seconds left.

|
|move|p2a: Gengar|Shadow Ball|p1a: bitch squid
|-damage|p1a: bitch squid|69/100
|move|p1a: bitch squid|Sludge Wave|p2a: Gengar
|-resisted|p2a: Gengar
|-damage|p2a: Gengar|4/100
|-start|p1a: bitch squid|Disable|Sludge Wave|[from] ability: Cursed Body|[of] p2a: Gengar
|
|-weather|none
|upkeep
|turn|7

|
|move|p2a: Gengar|Shadow Ball|p1a: bitch squid
|-damage|p1a: bitch squid|19/100
|move|p1a: bitch squid|Grass Knot|p2a: Gengar
|-resisted|p2a: Gengar
|-damage|p2a: Gengar|0 fnt
|faint|p2a: Gengar
|-ability|p1a: bitch squid|Beast Boost|boost
|-boost|p1a: bitch squid|spa|1
|
|upkeep

|
|switch|p2a: Infernape|Infernape, M|100/100
|-damage|p2a: Infernape|88/100|[from] Stealth Rock
|turn|8

|inactive|The Yeet King has 30 seconds left.

|inactive|The Yeet King has 20 seconds left.

|inactive|The Yeet King has 15 seconds left.

|inactive|The Yeet King has 10 seconds left.

|
|move|p2a: Infernape|Close Combat|p1a: bitch squid
|-damage|p1a: bitch squid|0 fnt
|-unboost|p2a: Infernape|def|1
|-unboost|p2a: Infernape|spd|1
|faint|p1a: bitch squid
|
|upkeep

|
|switch|p1a: Latiass|Latias, F|100/100
|turn|9

|inactive|The Yeet King has 20 seconds left.

|
|switch|p2a: Empoleon|Empoleon, M|100/100
|-damage|p2a: Empoleon|94/100|[from] Stealth Rock
|move|p1a: Latiass|Psychic|p2a: Empoleon
|-resisted|p2a: Empoleon
|-damage|p2a: Empoleon|80/100
|
|-heal|p2a: Empoleon|86/100|[from] item: Leftovers
|upkeep
|turn|10

|
|switch|p1a: GETOFFMYLAWN|Rotom-Mow|100/100
|move|p2a: Empoleon|Toxic|p1a: GETOFFMYLAWN
|-status|p1a: GETOFFMYLAWN|tox
|
|-heal|p2a: Empoleon|92/100|[from] item: Leftovers
|-damage|p1a: GETOFFMYLAWN|94/100 tox|[from] psn
|upkeep
|turn|11

|inactive|The Yeet King has 30 seconds left.

|inactive|The Yeet King has 20 seconds left.

|inactive|SkyknightUM has 135 seconds left.

|inactive|The Yeet King has 15 seconds left.

|
|switch|p2a: Infernape|Infernape, M|88/100
|-damage|p2a: Infernape|76/100|[from] Stealth Rock
|move|p1a: GETOFFMYLAWN|Volt Switch|p2a: Infernape
|-crit|p2a: Infernape
|-damage|p2a: Infernape|0 fnt
|faint|p2a: Infernape

|inactive|The Yeet King has 20 seconds left.

|c|☆SkyknightUM|rip

|c|☆The Yeet King|well played, nerd

|inactive|The Yeet King has 15 seconds left.

|
|switch|p1a: Apeshit|Infernape, F|100/100
|
|upkeep

|
|switch|p2a: Moltres|Moltres|100/100
|-damage|p2a: Moltres|51/100|[from] Stealth Rock
|turn|12

|inactive|The Yeet King has 30 seconds left.

|inactive|The Yeet King has 20 seconds left.

|inactive|The Yeet King has 15 seconds left.

|inactive|The Yeet King has 10 seconds left.

|inactive|The Yeet King has 5 seconds left.

|-message|The Yeet King lost due to inactivity.
|
|win|SkyknightUM
