|init|battle
|title|2ballfire4u vs. The Yeet King
|j|☆2ballfire4u
|j|☆The Yeet King
|player|p1|2ballfire4u|266
|player|p2|The Yeet King|156
|teamsize|p1|6
|teamsize|p2|6
|gametype|singles
|gen|7
|tier|[Gen 7] Ubers
|rated|
|rule|Sleep Clause Mod: Limit one foe put to sleep
|rule|Species Clause: Limit one of each Pokémon
|rule|OHKO Clause: OHKO moves are banned
|rule|Moody Clause: Moody is banned
|rule|Evasion Moves Clause: Evasion moves are banned
|rule|Endless Battle Clause: Forcing endless battles is banned
|rule|HP Percentage Mod: HP is shown in percentages
|clearpoke
|poke|p1|Gengar, F|item
|poke|p1|Groudon|item
|poke|p1|Zygarde|item
|poke|p1|Yveltal|item
|poke|p1|Necrozma-Dusk-Mane|item
|poke|p1|Xerneas|item
|poke|p2|Marshadow|item
|poke|p2|Necrozma-Dusk-Mane|item
|poke|p2|Arceus-*|item
|poke|p2|Salamence, F|item
|poke|p2|Groudon|item
|poke|p2|Darkrai|item
|rule|Mega Rayquaza Clause: You cannot mega evolve Rayquaza
|teampreview
|
|start
|switch|p1a: Groudon|Groudon|100/100
|switch|p2a: Mega Silvally|Arceus-Water|100/100
|detailschange|p1a: Groudon|Groudon-Primal
|-primal|p1a: Groudon
|-weather|DesolateLand|[from] ability: Desolate Land|[of] p1a: Groudon
|turn|1
|inactive|Battle timer is ON: inactive players will automatically lose when time's up. (requested by 2ballfire4u)
|
|-weather|none
|switch|p1a: Gengar|Gengar, F|100/100
|move|p2a: Mega Silvally|Toxic|p1a: Gengar
|-immune|p1a: Gengar|[msg]
|
|upkeep
|turn|2
|inactive|2ballfire4u has 135 seconds left.
|
|detailschange|p1a: Gengar|Gengar-Mega, F
|-mega|p1a: Gengar|Gengar|Gengarite
|move|p1a: Gengar|Shadow Ball|p2a: Mega Silvally
|-damage|p2a: Mega Silvally|67/100
|move|p2a: Mega Silvally|Judgment|p1a: Gengar
|-damage|p1a: Gengar|34/100
|
|upkeep
|turn|3

|
|switch|p1a: Groudon|Groudon-Primal|100/100
|-weather|DesolateLand|[from] ability: Desolate Land|[of] p1a: Groudon
|move|p2a: Mega Silvally|Stealth Rock|p1a: Groudon
|-sidestart|p1: 2ballfire4u|move: Stealth Rock
|
|-weather|DesolateLand|[upkeep]
|upkeep
|turn|4

|
|move|p2a: Mega Silvally|Toxic|p1a: Groudon
|-status|p1a: Groudon|tox
|move|p1a: Groudon|Swords Dance|p1a: Groudon
|-boost|p1a: Groudon|atk|2
|
|-weather|DesolateLand|[upkeep]
|-damage|p1a: Groudon|94/100 tox|[from] psn
|upkeep
|turn|5

|inactive|The Yeet King has 135 seconds left.

|
|switch|p2a: Croissant|Salamence, F|100/100
|-ability|p2a: Croissant|Intimidate|boost
|-unboost|p1a: Groudon|atk|1
|move|p1a: Groudon|Stealth Rock|p2a: Croissant
|-sidestart|p2: The Yeet King|move: Stealth Rock
|
|-weather|DesolateLand|[upkeep]
|-damage|p1a: Groudon|82/100 tox|[from] psn
|upkeep
|turn|6

|
|detailschange|p2a: Croissant|Salamence-Mega, F
|-mega|p2a: Croissant|Salamence|Salamencite
|move|p2a: Croissant|Dragon Dance|p2a: Croissant
|-boost|p2a: Croissant|atk|1
|-boost|p2a: Croissant|spe|1
|move|p1a: Groudon|Rock Tomb|p2a: Croissant
|-supereffective|p2a: Croissant
|-damage|p2a: Croissant|35/100
|-unboost|p2a: Croissant|spe|1
|
|-weather|DesolateLand|[upkeep]
|-damage|p1a: Groudon|64/100 tox|[from] psn
|upkeep
|turn|7

|
|move|p2a: Croissant|Return|p1a: Groudon
|-damage|p1a: Groudon|0 fnt
|faint|p1a: Groudon
|-weather|none
|
|upkeep

|
|switch|p1a: Gengar|Gengar-Mega, F|34/100
|-damage|p1a: Gengar|22/100|[from] Stealth Rock
|turn|8

|
|move|p1a: Gengar|Sludge Wave|p2a: Croissant
|-damage|p2a: Croissant|0 fnt
|faint|p2a: Croissant
|
|upkeep

|inactive|The Yeet King has 135 seconds left.

|inactive|The Yeet King has 120 seconds left.

|
|switch|p2a: Mega Silvally|Arceus-Water|67/100
|-damage|p2a: Mega Silvally|54/100|[from] Stealth Rock
|turn|9

|
|switch|p1a: Necrozma|Necrozma-Dusk-Mane|100/100
|-damage|p1a: Necrozma|95/100|[from] Stealth Rock
|move|p2a: Mega Silvally|Judgment|p1a: Necrozma
|-damage|p1a: Necrozma|51/100
|
|upkeep
|turn|10

|
|move|p2a: Mega Silvally|Judgment|p1a: Necrozma
|-damage|p1a: Necrozma|9/100
|move|p1a: Necrozma|Swords Dance|p1a: Necrozma
|-boost|p1a: Necrozma|atk|2
|
|upkeep
|turn|11

|
|detailschange|p1a: Necrozma|Necrozma-Ultra
|-burst|p1a: Necrozma|Necrozma|Ultranecrozium Z
|move|p1a: Necrozma|Photon Geyser|p2a: Mega Silvally
|-damage|p2a: Mega Silvally|0 fnt
|faint|p2a: Mega Silvally
|
|upkeep

|
|switch|p2a: Negrosma|Necrozma-Dusk-Mane|100/100
|-damage|p2a: Negrosma|95/100|[from] Stealth Rock
|turn|12

|
|move|p1a: Necrozma|Earthquake|p2a: Negrosma
|-supereffective|p2a: Negrosma
|-damage|p2a: Negrosma|0 fnt
|faint|p2a: Negrosma
|
|upkeep

|
|switch|p2a: pee-don|Groudon|100/100
|-damage|p2a: pee-don|94/100|[from] Stealth Rock
|detailschange|p2a: pee-don|Groudon-Primal
|-primal|p2a: pee-don
|-weather|DesolateLand|[from] ability: Desolate Land|[of] p2a: pee-don
|turn|13

|
|move|p1a: Necrozma|Earthquake|p2a: pee-don
|-supereffective|p2a: pee-don
|-damage|p2a: pee-don|0 fnt
|faint|p2a: pee-don
|-weather|none
|
|upkeep

|
|switch|p2a: Marshmellow|Marshadow|100/100
|-damage|p2a: Marshmellow|94/100|[from] Stealth Rock
|turn|14

|
|move|p1a: Necrozma|Earthquake|p2a: Marshmellow
|-damage|p2a: Marshmellow|0 fnt
|faint|p2a: Marshmellow
|
|upkeep

|
|switch|p2a: Darkrai|Darkrai|100/100
|-damage|p2a: Darkrai|88/100|[from] Stealth Rock
|turn|15

|
|move|p1a: Necrozma|Earthquake|p2a: Darkrai
|-damage|p2a: Darkrai|0 fnt
|faint|p2a: Darkrai
|
|win|2ballfire4u
