|init|battle
|title|The Yeet King vs. VinoWest
|j|☆The Yeet King
|j|☆VinoWest
|player|p1|The Yeet King|156
|player|p2|VinoWest|1
|teamsize|p1|6
|teamsize|p2|6
|gametype|singles
|gen|7
|tier|[Gen 7] UU
|rated|
|rule|Sleep Clause Mod: Limit one foe put to sleep
|rule|Species Clause: Limit one of each Pokémon
|rule|OHKO Clause: OHKO moves are banned
|rule|Moody Clause: Moody is banned
|rule|Evasion Moves Clause: Evasion moves are banned
|rule|Endless Battle Clause: Forcing endless battles is banned
|rule|HP Percentage Mod: HP is shown in percentages
|clearpoke
|poke|p1|Diancie|item
|poke|p1|Scizor, F|item
|poke|p1|Magneton|item
|poke|p1|Hydreigon, M|item
|poke|p1|Krookodile, M|item
|poke|p1|Gengar, F|item
|poke|p2|Decidueye, M|item
|poke|p2|Incineroar, M|item
|poke|p2|Primarina, F|item
|poke|p2|Nidoking, M|item
|poke|p2|Blastoise, M|item
|poke|p2|Lucario, M|item
|teampreview
|
|start
|switch|p1a: socks and crocs|Krookodile, M|100/100
|switch|p2a: Lucario|Lucario, M, shiny|100/100
|-ability|p1a: socks and crocs|Intimidate|boost
|-unboost|p2a: Lucario|atk|1
|turn|1
|
|switch|p2a: Primarina|Primarina, F, shiny|100/100
|move|p1a: socks and crocs|Stealth Rock|p2a: Primarina
|-sidestart|p2: VinoWest|move: Stealth Rock
|
|upkeep
|turn|2
|inactive|Battle timer is ON: inactive players will automatically lose when time's up. (requested by VinoWest)
|
|switch|p1a: magic houdini|Magneton|100/100
|move|p2a: Primarina|Hyper Voice|p1a: magic houdini
|-crit|p1a: magic houdini
|-damage|p1a: magic houdini|0 fnt
|faint|p1a: magic houdini
|
|upkeep
|inactive|The Yeet King has 135 seconds left.
|
|switch|p1a: shiny clefairy|Gengar, F|100/100
|turn|3
|
|move|p1a: shiny clefairy|Shadow Ball|p2a: Primarina
|-crit|p2a: Primarina
|-damage|p2a: Primarina|39/100
|move|p2a: Primarina|Hyper Voice|p1a: shiny clefairy
|-damage|p1a: shiny clefairy|21/100
|-start|p2a: Primarina|Disable|Hyper Voice|[from] ability: Cursed Body|[of] p1a: shiny clefairy
|
|-heal|p2a: Primarina|45/100|[from] item: Leftovers
|upkeep
|turn|4

|
|move|p1a: shiny clefairy|Shadow Ball|p2a: Primarina
|-damage|p2a: Primarina|0 fnt
|faint|p2a: Primarina
|
|upkeep

|
|switch|p2a: Nidoking|Nidoking, M|100/100
|-damage|p2a: Nidoking|94/100|[from] Stealth Rock
|turn|5

|
|move|p1a: shiny clefairy|Shadow Ball|p2a: Nidoking
|-damage|p2a: Nidoking|49/100
|move|p2a: Nidoking|Stealth Rock|p1a: shiny clefairy
|-sidestart|p1: The Yeet King|move: Stealth Rock
|
|-heal|p2a: Nidoking|55/100|[from] item: Black Sludge
|upkeep
|turn|6

|
|move|p1a: shiny clefairy|Shadow Ball|p2a: Nidoking
|-damage|p2a: Nidoking|4/100
|move|p2a: Nidoking|Earth Power|p1a: shiny clefairy
|-supereffective|p1a: shiny clefairy
|-damage|p1a: shiny clefairy|0 fnt
|-start|p2a: Nidoking|Disable|Earth Power|[from] ability: Cursed Body|[of] p1a: shiny clefairy
|faint|p1a: shiny clefairy
|
|-heal|p2a: Nidoking|10/100|[from] item: Black Sludge
|upkeep

|
|switch|p1a: B O N E L E S S|Diancie|100/100
|-damage|p1a: B O N E L E S S|88/100|[from] Stealth Rock
|turn|7

|
|detailschange|p1a: B O N E L E S S|Diancie-Mega
|-mega|p1a: B O N E L E S S|Diancie|Diancite
|move|p1a: B O N E L E S S|Moonblast|p2a: Nidoking
|-resisted|p2a: Nidoking
|-damage|p2a: Nidoking|0 fnt
|faint|p2a: Nidoking
|
|upkeep

|
|switch|p2a: Decidueye|Decidueye, M, shiny|100/100
|-damage|p2a: Decidueye|88/100|[from] Stealth Rock
|turn|8

|
|move|p1a: B O N E L E S S|Moonblast|p2a: Decidueye
|-damage|p2a: Decidueye|50/100
|-unboost|p2a: Decidueye|spa|1
|move|p2a: Decidueye|Leaf Blade|p1a: B O N E L E S S
|-supereffective|p1a: B O N E L E S S
|-damage|p1a: B O N E L E S S|0 fnt
|faint|p1a: B O N E L E S S
|
|upkeep

|
|switch|p1a: Scizor|Scizor, F|100/100
|-damage|p1a: Scizor|88/100|[from] Stealth Rock
|turn|9

|
|move|p1a: Scizor|Bug Bite|p2a: Decidueye
|-damage|p2a: Decidueye|0 fnt
|-damage|p1a: Scizor|78/100|[from] item: Life Orb
|faint|p2a: Decidueye
|
|upkeep

|
|switch|p2a: Incineroar|Incineroar, M, shiny|100/100
|-damage|p2a: Incineroar|76/100|[from] Stealth Rock
|-ability|p2a: Incineroar|Intimidate|boost
|-unboost|p1a: Scizor|atk|1
|turn|10

|inactive|VinoWest has 135 seconds left.

|
|switch|p1a: bitch dragon|Hydreigon, M|100/100
|-damage|p1a: bitch dragon|88/100|[from] Stealth Rock
|move|p2a: Incineroar|Flare Blitz|p1a: bitch dragon
|-resisted|p1a: bitch dragon
|-damage|p1a: bitch dragon|36/100
|-damage|p2a: Incineroar|61/100|[from] Recoil
|
|upkeep
|turn|11

|
|switch|p2a: Lucario|Lucario, M, shiny|100/100
|-damage|p2a: Lucario|98/100|[from] Stealth Rock
|move|p1a: bitch dragon|Draco Meteor|p2a: Lucario|[miss]
|-miss|p1a: bitch dragon|p2a: Lucario
|
|upkeep
|turn|12

|
|switch|p1a: Scizor|Scizor, F|78/100
|-damage|p1a: Scizor|66/100|[from] Stealth Rock
|move|p2a: Lucario|Focus Blast|p1a: Scizor|[miss]
|-miss|p2a: Lucario|p1a: Scizor
|
|upkeep
|turn|13

|
|move|p2a: Lucario|Focus Blast|p1a: Scizor
|-damage|p1a: Scizor|0 fnt
|faint|p1a: Scizor
|
|upkeep

|
|switch|p1a: socks and crocs|Krookodile, M|100/100
|-damage|p1a: socks and crocs|94/100|[from] Stealth Rock
|-ability|p1a: socks and crocs|Intimidate|boost
|-unboost|p2a: Lucario|atk|1
|turn|14

|
|move|p1a: socks and crocs|Stealth Rock|p2a: Lucario
|-fail|p1a: socks and crocs
|move|p2a: Lucario|Focus Blast|p1a: socks and crocs
|-supereffective|p1a: socks and crocs
|-damage|p1a: socks and crocs|0 fnt
|faint|p1a: socks and crocs
|
|upkeep

|-message|The Yeet King forfeited.

|
|win|VinoWest
