|init|battle
|title|hkjhkhjhg vs. somedude601
|j|☆hkjhkhjhg
|j|☆somedude601
|player|p1|hkjhkhjhg|52
|player|p2|somedude601|190
|teamsize|p1|6
|teamsize|p2|6
|gametype|singles
|gen|7
|tier|[Gen 7] Balanced Hackmons
|rated|
|rule|Ability Clause: Limit two of each ability
|rule|OHKO Clause: OHKO moves are banned
|rule|Evasion Moves Clause: Evasion moves are banned
|rule|CFZ Clause: Crystal-free Z-Moves are banned
|rule|Endless Battle Clause: Forcing endless battles is banned
|clearpoke
|poke|p1|Blastoise-Mega, M|item
|poke|p1|Sceptile-Mega, F|item
|poke|p1|Blaziken-Mega, F|item
|poke|p1|Shedinja|item
|poke|p1|Mewtwo-Mega-Y|item
|poke|p1|Salamence-Mega, F|item
|poke|p2|Shedinja|item
|poke|p2|Slaking, F|item
|poke|p2|Marshadow|item
|poke|p2|Zygarde-Complete|item
|poke|p2|Rayquaza-Mega|item
|poke|p2|Blissey, F|item
|rule|HP Percentage Mod: HP is shown in percentages
|teampreview
|
|start
|switch|p1a: Shedinja|Shedinja, shiny|100/100
|switch|p2a: Blissey|Blissey, F|100/100
|turn|1
|
|move|p2a: Blissey|Spikes|p1a: Shedinja
|-sidestart|p1: hkjhkhjhg|Spikes
|move|p1a: Shedinja|Toxic|p2a: Blissey
|-status|p2a: Blissey|tox
|
|-damage|p2a: Blissey|94/100 tox|[from] psn
|upkeep
|turn|2
|
|move|p2a: Blissey|Spikes|p1a: Shedinja
|-sidestart|p1: hkjhkhjhg|Spikes
|move|p1a: Shedinja|Endeavor|p2a: Blissey
|-damage|p2a: Blissey|1/100 tox
|-damage|p1a: Shedinja|0 fnt|[from] item: Rocky Helmet|[of] p2a: Blissey
|faint|p1a: Shedinja
|
|-damage|p2a: Blissey|0 fnt|[from] psn
|upkeep
|faint|p2a: Blissey
|
|switch|p2a: Shedinja|Shedinja, shiny|100/100
|switch|p1a: Mewtwo|Mewtwo-Mega-Y, shiny|100/100
|-damage|p1a: Mewtwo|84/100|[from] Spikes
|turn|3
|c|☆somedude601|most boring set ever.
|
|move|p1a: Mewtwo|Photon Geyser|p2a: Shedinja
|-damage|p2a: Shedinja|0 fnt
|faint|p2a: Shedinja
|
|upkeep
|c|☆somedude601|endeavor, really?
|
|switch|p2a: Marshadow|Marshadow|100/100
|turn|4
|
|move|p2a: Marshadow|Fake Out|p1a: Mewtwo
|-damage|p1a: Mewtwo|72/100
|cant|p1a: Mewtwo|flinch
|
|upkeep
|turn|5
|
|move|p2a: Marshadow|Spectral Thief|p1a: Mewtwo
|-supereffective|p1a: Mewtwo
|-damage|p1a: Mewtwo|0 fnt
|faint|p1a: Mewtwo
|-ability|p2a: Marshadow|Moxie|boost
|-boost|p2a: Marshadow|atk|1
|
|upkeep
|
|switch|p1a: Sceptile|Sceptile-Mega, F, shiny|100/100
|-damage|p1a: Sceptile|84/100|[from] Spikes
|turn|6
|
|move|p1a: Sceptile|Spore|p2a: Marshadow
|-status|p2a: Marshadow|slp
|cant|p2a: Marshadow|slp
|
|upkeep
|turn|7
|
|move|p1a: Sceptile|Moonblast|p2a: Marshadow
|-supereffective|p2a: Marshadow
|-damage|p2a: Marshadow|47/100 slp
|cant|p2a: Marshadow|slp
|
|upkeep
|turn|8
|
|move|p1a: Sceptile|Leaf Storm|p2a: Marshadow
|-damage|p2a: Marshadow|0 fnt
|-boost|p1a: Sceptile|spa|2
|faint|p2a: Marshadow
|
|upkeep
|
|switch|p2a: Rayquaza|Rayquaza-Mega|100/100
|turn|9
|
|move|p2a: Rayquaza|Extreme Speed|p1a: Sceptile
|-supereffective|p1a: Sceptile
|-damage|p1a: Sceptile|0 fnt
|faint|p1a: Sceptile
|
|upkeep
|j| The Yeet King
|
|switch|p1a: Blastoise|Blastoise-Mega, M, shiny|100/100
|-damage|p1a: Blastoise|84/100|[from] Spikes
|-weather|RainDance|[from] ability: Drizzle|[of] p1a: Blastoise
|turn|10
|c| The Yeet King|cum on brochacho
|
|switch|p2a: Zygarde|Zygarde-Complete|100/100
|move|p1a: Blastoise|Quiver Dance|p1a: Blastoise
|-boost|p1a: Blastoise|spa|1
|-boost|p1a: Blastoise|spd|1
|-boost|p1a: Blastoise|spe|1
|
|-weather|RainDance|[upkeep]
|-heal|p1a: Blastoise|90/100|[from] item: Leftovers
|upkeep
|turn|11
|c| The Yeet King|i got my bucks on somedude601
|c| The Yeet King|you better win nerd
|
|move|p1a: Blastoise|Ice Beam|p2a: Zygarde
|-supereffective|p2a: Zygarde
|-damage|p2a: Zygarde|49/100
|move|p2a: Zygarde|Dragon Ascent|p1a: Blastoise
|-damage|p1a: Blastoise|66/100
|-boost|p2a: Zygarde|def|1
|-boost|p2a: Zygarde|spd|1
|
|-weather|RainDance|[upkeep]
|-heal|p1a: Blastoise|72/100|[from] item: Leftovers
|upkeep
|turn|12
|c| The Yeet King|lmao this nibba picking blastioise for real

|c| The Yeet King|like what the fuck am i right?

|
|move|p1a: Blastoise|Origin Pulse|p2a: Zygarde
|-damage|p2a: Zygarde|27/100
|move|p2a: Zygarde|Draco Meteor|p1a: Blastoise
|-damage|p1a: Blastoise|47/100
|-boost|p2a: Zygarde|spa|2
|
|-weather|RainDance|[upkeep]
|-heal|p1a: Blastoise|53/100|[from] item: Leftovers
|upkeep
|turn|13

|
|move|p1a: Blastoise|Ice Beam|p2a: Zygarde
|-supereffective|p2a: Zygarde
|-damage|p2a: Zygarde|0 fnt
|faint|p2a: Zygarde
|
|-weather|RainDance|[upkeep]
|-heal|p1a: Blastoise|59/100|[from] item: Leftovers
|upkeep

|c| The Yeet King|pick a real manly mon like fucking kyogre or something nerd

|
|switch|p2a: Slaking|Slaking, F|100/100
|turn|14

|c| The Yeet King|way to sacc your mon nerd

|
|move|p1a: Blastoise|Origin Pulse|p2a: Slaking
|-damage|p2a: Slaking|12/100
|move|p2a: Slaking|Power-Up Punch|p1a: Blastoise
|-damage|p1a: Blastoise|47/100
|-boost|p2a: Slaking|atk|1
|
|-weather|none
|-heal|p1a: Blastoise|53/100|[from] item: Leftovers
|-status|p2a: Slaking|brn|[from] item: Flame Orb
|upkeep
|turn|15

|c| The Yeet King|wtf somedude601 give em the peen

|c| The Yeet King|already

|c| The Yeet King|you gona lose to a fucking blastiose? for real nibba

|
|move|p1a: Blastoise|Ice Beam|p2a: Slaking
|-damage|p2a: Slaking|0 fnt
|faint|p2a: Slaking
|
|-heal|p1a: Blastoise|59/100|[from] item: Leftovers
|upkeep

|
|switch|p2a: Rayquaza|Rayquaza-Mega|100/100
|turn|16

|c| The Yeet King|holy shit youre bad

|
|move|p2a: Rayquaza|Extreme Speed|p1a: Blastoise
|-damage|p1a: Blastoise|0 fnt
|faint|p1a: Blastoise
|
|upkeep

|c|☆somedude601|who the fuck are you

|
|switch|p1a: Blaziken|Blaziken-Mega, F, shiny|100/100
|-damage|p1a: Blaziken|84/100|[from] Spikes
|turn|17

|c| The Yeet King|your #1 fan

|c|☆hkjhkhjhg|jajajaja

|c| The Yeet King|nerd

|
|move|p1a: Blaziken|Protect|p1a: Blaziken
|-singleturn|p1a: Blaziken|Protect
|move|p2a: Rayquaza|Extreme Speed|p1a: Blaziken
|-activate|p1a: Blaziken|move: Protect
|
|-ability|p1a: Blaziken|Speed Boost|boost
|-boost|p1a: Blaziken|spe|1
|upkeep
|turn|18

|c| The Yeet King|is this your u treat your actual fucking fanbase bro?

|
|move|p1a: Blaziken|Protect|p1a: Blaziken
|-fail|p1a: Blaziken
|move|p2a: Rayquaza|Extreme Speed|p1a: Blaziken
|-supereffective|p1a: Blaziken
|-damage|p1a: Blaziken|0 fnt
|faint|p1a: Blaziken
|
|upkeep

|
|switch|p1a: Salamence|Salamence-Mega, F, shiny|100/100
|turn|19

|
|move|p2a: Rayquaza|Extreme Speed|p1a: Salamence
|-damage|p1a: Salamence|44/100
|move|p1a: Salamence|Draco Meteor|p2a: Rayquaza
|-supereffective|p2a: Rayquaza
|-damage|p2a: Rayquaza|15/100
|-unboost|p1a: Salamence|spa|2
|
|upkeep
|turn|20

|c|☆hkjhkhjhg|gg

|
|move|p2a: Rayquaza|Extreme Speed|p1a: Salamence
|-damage|p1a: Salamence|0 fnt
|faint|p1a: Salamence
|
|win|somedude601
