|init|battle
|title|toby9562 vs. The Yeet King
|j|☆toby9562
|j|☆The Yeet King
|player|p1|toby9562|170
|player|p2|The Yeet King|156
|teamsize|p1|6
|teamsize|p2|6
|gametype|singles
|gen|7
|tier|[Gen 7] Ubers
|rated|
|rule|Sleep Clause Mod: Limit one foe put to sleep
|rule|Species Clause: Limit one of each Pokémon
|rule|OHKO Clause: OHKO moves are banned
|rule|Moody Clause: Moody is banned
|rule|Evasion Moves Clause: Evasion moves are banned
|rule|Endless Battle Clause: Forcing endless battles is banned
|rule|HP Percentage Mod: HP is shown in percentages
|clearpoke
|poke|p1|Xerneas|item
|poke|p1|Groudon|item
|poke|p1|Kyogre|item
|poke|p1|Yveltal|item
|poke|p1|Shuckle, F|item
|poke|p1|Lugia|item
|poke|p2|Marshadow|item
|poke|p2|Necrozma-Dusk-Mane|item
|poke|p2|Arceus-*|item
|poke|p2|Salamence, M|item
|poke|p2|Groudon|item
|poke|p2|Darkrai|item
|rule|Mega Rayquaza Clause: You cannot mega evolve Rayquaza
|teampreview
|
|start
|switch|p1a: Shuckle|Shuckle, F|100/100
|switch|p2a: Mega Silvally|Arceus-Water|100/100
|turn|1
|c|☆The Yeet King|now whatch me whip
|
|move|p2a: Mega Silvally|Judgment|p1a: Shuckle
|-supereffective|p1a: Shuckle
|-damage|p1a: Shuckle|50/100
|move|p1a: Shuckle|Sticky Web|p2a: Mega Silvally
|-sidestart|p2: The Yeet King|move: Sticky Web
|
|upkeep
|turn|2
|
|move|p2a: Mega Silvally|Toxic|p1a: Shuckle
|-status|p1a: Shuckle|tox
|move|p1a: Shuckle|Toxic|p2a: Mega Silvally
|-status|p2a: Mega Silvally|tox
|
|-damage|p2a: Mega Silvally|94/100 tox|[from] psn
|-damage|p1a: Shuckle|44/100 tox|[from] psn
|upkeep
|turn|3
|c|☆toby9562|toxic???
|c|☆toby9562|interesting
|c|☆The Yeet King|yeah fuck off

|
|move|p2a: Mega Silvally|Defog|p1a: Shuckle
|-boost|p1a: Shuckle|evasion|1
|-sideend|p2: The Yeet King|Sticky Web|[from] move: Defog|[of] p2a: Mega Silvally
|move|p1a: Shuckle|Stealth Rock|p2a: Mega Silvally
|-sidestart|p2: The Yeet King|move: Stealth Rock
|
|-damage|p2a: Mega Silvally|82/100 tox|[from] psn
|-damage|p1a: Shuckle|32/100 tox|[from] psn
|upkeep
|turn|4

|
|move|p2a: Mega Silvally|Judgment|p1a: Shuckle
|-supereffective|p1a: Shuckle
|-damage|p1a: Shuckle|0 fnt
|faint|p1a: Shuckle
|
|-damage|p2a: Mega Silvally|64/100 tox|[from] psn
|upkeep

|c|☆The Yeet King|look at this nerd

|
|switch|p1a: Dale|Kyogre|100/100
|detailschange|p1a: Dale|Kyogre-Primal
|-primal|p1a: Dale
|-weather|PrimordialSea|[from] ability: Primordial Sea|[of] p1a: Dale
|turn|5

|c|☆The Yeet King|running fucking contrary

|c|☆The Yeet King|hey nerd guess what

|
|move|p2a: Mega Silvally|Defog|p1a: Dale
|-unboost|p1a: Dale|evasion|1
|-sideend|p2: The Yeet King|Stealth Rock|[from] move: Defog|[of] p2a: Mega Silvally
|move|p1a: Dale|Roar|p2a: Mega Silvally
|drag|p2a: Marshmellow|Marshadow|100/100
|
|-weather|PrimordialSea|[upkeep]
|upkeep
|turn|6

|c|☆The Yeet King|dont fuckle

|c|☆The Yeet King|with the shuckle

|c|☆toby9562|oh as if you dont switch then

|inactive|Battle timer is ON: inactive players will automatically lose when time's up. (requested by The Yeet King)

|c|☆toby9562|groudon was ready

|c|☆The Yeet King|hustle up already

|
|switch|p2a: Mega Silvally|Arceus-Water|64/100 tox
|move|p1a: Dale|Roar|p2a: Mega Silvally
|drag|p2a: Marshmellow|Marshadow|100/100
|
|-weather|PrimordialSea|[upkeep]
|upkeep
|turn|7

|c|☆The Yeet King|you bet

|c|☆The Yeet King|stop doing that nerd

|c|☆toby9562|put your fucking groudon in

|inactive|toby9562 has 135 seconds left.

|
|switch|p2a: Mega Silvally|Arceus-Water|64/100 tox
|move|p1a: Dale|Roar|p2a: Mega Silvally
|drag|p2a: Marshmellow|Marshadow|100/100
|
|-weather|PrimordialSea|[upkeep]
|upkeep
|turn|8

|c|☆The Yeet King|dont tell me what to do

|c|☆toby9562|k

|inactive|The Yeet King has 135 seconds left.

|c|☆The Yeet King|you do this shit again im pulling groudon

|
|switch|p2a: Mega Silvally|Arceus-Water|64/100 tox
|move|p1a: Dale|Water Spout|p2a: Mega Silvally
|-resisted|p2a: Mega Silvally
|-damage|p2a: Mega Silvally|11/100 tox
|
|-weather|PrimordialSea|[upkeep]
|-damage|p2a: Mega Silvally|5/100 tox|[from] psn
|upkeep
|turn|9

|c|☆toby9562|k

|c|☆toby9562|wow

|c|☆The Yeet King|now do roar

|c|☆The Yeet King|already

|c|☆The Yeet King|come on

|inactive|toby9562 has 135 seconds left.

|
|-weather|none
|switch|p1a: Lugia|Lugia|100/100
|move|p2a: Mega Silvally|Toxic|p1a: Lugia
|-status|p1a: Lugia|tox
|
|-damage|p2a: Mega Silvally|0 fnt|[from] psn
|-damage|p1a: Lugia|94/100 tox|[from] psn
|upkeep
|faint|p2a: Mega Silvally

|c|☆toby9562|wow dude

|c|☆The Yeet King|why did you take a fucking toxic to lugia

|c|☆The Yeet King|are you fucking retarded

|inactive|The Yeet King has 135 seconds left.

|c|☆The Yeet King|holy shit youre dumb as rocks

|c|☆toby9562|maybe mans got aromathereapy ;)

|inactive|The Yeet King has 120 seconds left.

|c|☆The Yeet King|we both know you dont

|
|switch|p2a: Darkrai|Darkrai|100/100
|turn|10

|c|☆The Yeet King|smh my head

|inactive|toby9562 has 135 seconds left.

|c|☆toby9562|shake my head my head

|c|☆toby9562|lol

|c|☆toby9562|if you sleep me goddammit

|c|☆The Yeet King|stfu nerd

|inactive|toby9562 has 120 seconds left.

|
|move|p2a: Darkrai|Calm Mind|p2a: Darkrai
|-boost|p2a: Darkrai|spa|1
|-boost|p2a: Darkrai|spd|1
|move|p1a: Lugia|Toxic|p2a: Darkrai
|-status|p2a: Darkrai|tox
|
|-damage|p2a: Darkrai|94/100 tox|[from] psn
|-damage|p1a: Lugia|82/100 tox|[from] psn
|upkeep
|turn|11

|c|☆toby9562|good

|c|☆toby9562|now we can die together

|inactive|toby9562 has 135 seconds left.

|c|☆The Yeet King|wow way to fucking fuck my shit up

|
|move|p2a: Darkrai|Dark Pulse|p1a: Lugia
|-supereffective|p1a: Lugia
|-crit|p1a: Lugia
|-damage|p1a: Lugia|0 fnt
|faint|p1a: Lugia
|
|-damage|p2a: Darkrai|82/100 tox|[from] psn
|upkeep

|c|☆The Yeet King|hurry the hellp up

|inactive|toby9562 has 135 seconds left.

|c|☆The Yeet King|im gonna eat ya like youre a snack bby

|
|switch|p1a: Xerneas|Xerneas|100/100
|-ability|p1a: Xerneas|Fairy Aura
|turn|12

|c|☆The Yeet King|now watch me nae nae

|inactive|toby9562 has 135 seconds left.

|c|☆toby9562|well i am going to anally penetrate you like i did your mum

|c|☆The Yeet King|im poisonium z

|inactive|toby9562 has 120 seconds left.

|c|☆The Yeet King|dont risk it bro

|c|☆toby9562|hmm

|c|☆The Yeet King|switch to yveltal try me

|inactive|toby9562 has 105 seconds left.

|c|☆toby9562|hmm

|
|-zpower|p2a: Darkrai
|move|p2a: Darkrai|Z-Hypnosis|p1a: Xerneas|[anim]Hypnosis
|-boost|p2a: Darkrai|spe|1|[zeffect]
|-status|p1a: Xerneas|slp
|cant|p1a: Xerneas|slp
|
|-damage|p2a: Darkrai|64/100 tox|[from] psn
|-damage|p1a: Xerneas|88/100 slp|[from] ability: Bad Dreams|[of] p2a: Darkrai
|upkeep
|turn|13

|c|☆The Yeet King|**MEGA OOF**

|c|☆toby9562|wow

|inactive|toby9562 has 135 seconds left.

|
|move|p2a: Darkrai|Shadow Ball|p1a: Xerneas
|-damage|p1a: Xerneas|57/100 slp
|cant|p1a: Xerneas|slp
|
|-damage|p2a: Darkrai|40/100 tox|[from] psn
|-damage|p1a: Xerneas|45/100 slp|[from] ability: Bad Dreams|[of] p2a: Darkrai
|upkeep
|turn|14

|
|move|p2a: Darkrai|Shadow Ball|p1a: Xerneas
|-damage|p1a: Xerneas|14/100 slp
|-curestatus|p1a: Xerneas|slp|[msg]
|move|p1a: Xerneas|Geomancy|p1a: Xerneas|[still]
|-prepare|p1a: Xerneas|Geomancy|p1a: Xerneas
|-enditem|p1a: Xerneas|Power Herb
|-anim|p1a: Xerneas|Geomancy|p1a: Xerneas
|-boost|p1a: Xerneas|spa|2
|-boost|p1a: Xerneas|spd|2
|-boost|p1a: Xerneas|spe|2
|
|-damage|p2a: Darkrai|10/100 tox|[from] psn
|upkeep
|turn|15

|inactive|toby9562 has 135 seconds left.

|
|move|p2a: Darkrai|Shadow Ball|p1a: Xerneas
|-damage|p1a: Xerneas|0 fnt
|faint|p1a: Xerneas
|
|-damage|p2a: Darkrai|0 fnt|[from] psn
|upkeep
|faint|p2a: Darkrai

|c|☆toby9562|great

|c|☆toby9562|now im fucked

|inactive|toby9562 has 120 seconds left.

|inactive|The Yeet King has 135 seconds left.

|
|switch|p2a: Negrosma|Necrozma-Dusk-Mane|100/100
|switch|p1a: Yveltal|Yveltal|100/100
|-ability|p1a: Yveltal|Dark Aura
|turn|16

|inactive|toby9562 has 120 seconds left.

|inactive|The Yeet King has 135 seconds left.

|
|move|p2a: Negrosma|Sunsteel Strike|p1a: Yveltal
|-damage|p1a: Yveltal|38/100
|move|p1a: Yveltal|Knock Off|p2a: Negrosma
|-supereffective|p2a: Negrosma
|-damage|p2a: Negrosma|4/100
|-enditem|p2a: Negrosma|Weakness Policy
|-boost|p2a: Negrosma|atk|2
|-boost|p2a: Negrosma|spa|2
|
|-heal|p1a: Yveltal|45/100|[from] item: Leftovers
|upkeep
|turn|17

|c|☆toby9562|wow

|
|move|p1a: Yveltal|Sucker Punch|p2a: Negrosma|[still]
|-fail|p1a: Yveltal
|move|p2a: Negrosma|Rock Polish|p2a: Negrosma
|-boost|p2a: Negrosma|spe|2
|
|-heal|p1a: Yveltal|51/100|[from] item: Leftovers
|upkeep
|turn|18

|inactive|toby9562 has 120 seconds left.

|c|☆toby9562|you would

|c|☆toby9562|do it again

|inactive|The Yeet King has 135 seconds left.

|c|☆toby9562|i dare you

|inactive|The Yeet King has 120 seconds left.

|inactive|The Yeet King has 105 seconds left.

|
|move|p1a: Yveltal|Sucker Punch|p2a: Negrosma|[still]
|-fail|p1a: Yveltal
|move|p2a: Negrosma|Rock Polish|p2a: Negrosma
|-boost|p2a: Negrosma|spe|2
|
|-heal|p1a: Yveltal|57/100|[from] item: Leftovers
|upkeep
|turn|19

|inactive|toby9562 has 120 seconds left.

|inactive|The Yeet King has 135 seconds left.

|
|move|p1a: Yveltal|Sucker Punch|p2a: Negrosma|[still]
|-fail|p1a: Yveltal
|move|p2a: Negrosma|Rock Polish|p2a: Negrosma
|-boost|p2a: Negrosma|spe|2
|
|-heal|p1a: Yveltal|63/100|[from] item: Leftovers
|upkeep
|turn|20

|inactive|toby9562 has 120 seconds left.

|inactive|The Yeet King has 135 seconds left.

|inactive|The Yeet King has 120 seconds left.

|inactive|The Yeet King has 105 seconds left.

|
|move|p1a: Yveltal|Sucker Punch|p2a: Negrosma|[still]
|-fail|p1a: Yveltal
|move|p2a: Negrosma|Rock Polish|p2a: Negrosma
|-boost|p2a: Negrosma|spe|0
|
|-heal|p1a: Yveltal|69/100|[from] item: Leftovers
|upkeep
|turn|21

|inactive|toby9562 has 120 seconds left.

|inactive|The Yeet King has 120 seconds left.

|inactive|toby9562 has 105 seconds left.

|inactive|The Yeet King has 105 seconds left.

|inactive|toby9562 has 90 seconds left.

|inactive|The Yeet King has 90 seconds left.

|inactive|toby9562 has 75 seconds left.

|
|move|p1a: Yveltal|Sucker Punch|p2a: Negrosma
|-supereffective|p2a: Negrosma
|-damage|p2a: Negrosma|0 fnt
|faint|p2a: Negrosma
|
|-heal|p1a: Yveltal|75/100|[from] item: Leftovers
|upkeep

|
|switch|p2a: Croissant|Salamence, M|100/100
|-ability|p2a: Croissant|Intimidate|boost
|-unboost|p1a: Yveltal|atk|1
|turn|22

|inactive|toby9562 has 90 seconds left.

|inactive|The Yeet King has 90 seconds left.

|
|detailschange|p2a: Croissant|Salamence-Mega, M
|-mega|p2a: Croissant|Salamence|Salamencite
|move|p2a: Croissant|Dragon Dance|p2a: Croissant
|-boost|p2a: Croissant|atk|1
|-boost|p2a: Croissant|spe|1
|move|p1a: Yveltal|Knock Off|p2a: Croissant
|-damage|p2a: Croissant|71/100
|
|-heal|p1a: Yveltal|81/100|[from] item: Leftovers
|upkeep
|turn|23

|inactive|The Yeet King has 90 seconds left.

|
|move|p2a: Croissant|Dragon Dance|p2a: Croissant
|-boost|p2a: Croissant|atk|1
|-boost|p2a: Croissant|spe|1
|move|p1a: Yveltal|Oblivion Wing|p2a: Croissant
|-damage|p2a: Croissant|28/100
|-heal|p1a: Yveltal|100/100|[from] drain|[of] p2a: Croissant
|
|upkeep
|turn|24

|inactive|toby9562 has 90 seconds left.

|
|move|p2a: Croissant|Dragon Dance|p2a: Croissant
|-boost|p2a: Croissant|atk|1
|-boost|p2a: Croissant|spe|1
|move|p1a: Yveltal|Oblivion Wing|p2a: Croissant
|-damage|p2a: Croissant|0 fnt
|faint|p2a: Croissant
|
|upkeep

|
|switch|p2a: pee-don|Groudon|100/100
|detailschange|p2a: pee-don|Groudon-Primal
|-primal|p2a: pee-don
|-weather|DesolateLand|[from] ability: Desolate Land|[of] p2a: pee-don
|turn|25

|
|move|p1a: Yveltal|Dark Pulse|p2a: pee-don
|-damage|p2a: pee-don|52/100
|move|p2a: pee-don|Swords Dance|p2a: pee-don
|-boost|p2a: pee-don|atk|2
|
|-weather|DesolateLand|[upkeep]
|upkeep
|turn|26

|
|move|p1a: Yveltal|Dark Pulse|p2a: pee-don
|-damage|p2a: pee-don|8/100
|move|p2a: pee-don|Fire Punch|p1a: Yveltal
|-damage|p1a: Yveltal|0 fnt
|faint|p1a: Yveltal
|
|-weather|DesolateLand|[upkeep]
|upkeep

|inactive|toby9562 has 105 seconds left.

|
|switch|p1a: Dale|Kyogre-Primal|100/100
|-weather|PrimordialSea|[from] ability: Primordial Sea|[of] p1a: Dale
|turn|27

|inactive|toby9562 has 105 seconds left.

|
|move|p1a: Dale|Water Spout|p2a: pee-don
|-supereffective|p2a: pee-don
|-damage|p2a: pee-don|0 fnt
|faint|p2a: pee-don
|
|-weather|PrimordialSea|[upkeep]
|upkeep

|inactive|The Yeet King has 135 seconds left.

|
|switch|p2a: Marshmellow|Marshadow|100/100
|turn|28

|inactive|toby9562 has 105 seconds left.

|inactive|toby9562 has 90 seconds left.

|
|move|p2a: Marshmellow|Swagger|p1a: Dale
|-boost|p1a: Dale|atk|2
|-start|p1a: Dale|confusion
|-activate|p1a: Dale|confusion
|move|p1a: Dale|Thunder|p2a: Marshmellow
|-damage|p2a: Marshmellow|40/100
|
|-weather|PrimordialSea|[upkeep]
|upkeep
|turn|29

|inactive|toby9562 has 90 seconds left.

|
|-weather|none
|switch|p1a: Groudon|Groudon|100/100
|detailschange|p1a: Groudon|Groudon-Primal
|-primal|p1a: Groudon
|-weather|DesolateLand|[from] ability: Desolate Land|[of] p1a: Groudon
|move|p2a: Marshmellow|Spectral Thief|p1a: Groudon
|-damage|p1a: Groudon|73/100
|
|-weather|DesolateLand|[upkeep]
|upkeep
|turn|30

|inactive|toby9562 has 90 seconds left.

|
|move|p2a: Marshmellow|Swagger|p1a: Groudon
|-boost|p1a: Groudon|atk|2
|-start|p1a: Groudon|confusion
|-activate|p1a: Groudon|confusion
|move|p1a: Groudon|Earthquake|p2a: Marshmellow
|-damage|p2a: Marshmellow|0 fnt
|faint|p2a: Marshmellow
|
|win|toby9562
