|init|battle
|title|The Yeet King vs. Pokemoner Maner
|j|☆The Yeet King
|j|☆Pokemoner Maner
|player|p1|The Yeet King|156
|player|p2|Pokemoner Maner|99
|teamsize|p1|6
|teamsize|p2|6
|gametype|singles
|gen|7
|tier|[Gen 7] OU
|rated|
|rule|Sleep Clause Mod: Limit one foe put to sleep
|rule|Species Clause: Limit one of each Pokémon
|rule|OHKO Clause: OHKO moves are banned
|rule|Moody Clause: Moody is banned
|rule|Evasion Moves Clause: Evasion moves are banned
|rule|Endless Battle Clause: Forcing endless battles is banned
|rule|HP Percentage Mod: HP is shown in percentages
|clearpoke
|poke|p1|Zygarde|item
|poke|p1|Hoopa-Unbound|item
|poke|p1|Toxapex, M|item
|poke|p1|Magearna|item
|poke|p1|Landorus-Therian, M|item
|poke|p1|Kartana|item
|poke|p2|Flaaffy, M|item
|poke|p2|Charizard, F|item
|poke|p2|Smeargle, M|item
|poke|p2|Audino, F|item
|poke|p2|Cloyster, F|item
|poke|p2|Ferrothorn, F|item
|teampreview
|
|start
|switch|p1a: Landorus|Landorus-Therian, M|100/100
|switch|p2a: Smeargle|Smeargle, M|100/100
|-ability|p1a: Landorus|Intimidate|boost
|-unboost|p2a: Smeargle|atk|1
|turn|1
|
|move|p1a: Landorus|Stealth Rock|p2a: Smeargle
|-sidestart|p2: Pokemoner Maner|move: Stealth Rock
|move|p2a: Smeargle|Spore|p1a: Landorus
|-status|p1a: Landorus|slp
|
|upkeep
|turn|2
|
|switch|p1a: Ziggyboy|Zygarde|100/100
|-ability|p1a: Ziggyboy|Aura Break
|move|p2a: Smeargle|Spore|p1a: Ziggyboy
|-message|Sleep Clause Mod activated.
|
|upkeep
|turn|3

|
|move|p1a: Ziggyboy|Substitute|p1a: Ziggyboy
|-start|p1a: Ziggyboy|Substitute
|-damage|p1a: Ziggyboy|76/100
|move|p2a: Smeargle|Stealth Rock|p1a: Ziggyboy
|-sidestart|p1: The Yeet King|move: Stealth Rock
|
|-heal|p1a: Ziggyboy|82/100|[from] item: Leftovers
|upkeep
|turn|4

|c|☆The Yeet King|youre dumb as rocks

|
|move|p1a: Ziggyboy|Thousand Arrows|p2a: Smeargle
|-enditem|p2a: Smeargle|Focus Sash
|-damage|p2a: Smeargle|1/100
|move|p2a: Smeargle|Sticky Web|p1a: Ziggyboy
|-sidestart|p1: The Yeet King|move: Sticky Web
|
|-heal|p1a: Ziggyboy|88/100|[from] item: Leftovers
|upkeep
|turn|5

|c|☆Pokemoner Maner|better pun please

|
|move|p1a: Ziggyboy|Thousand Arrows|p2a: Smeargle
|-damage|p2a: Smeargle|0 fnt
|faint|p2a: Smeargle
|
|-heal|p1a: Ziggyboy|94/100|[from] item: Leftovers
|upkeep

|c|☆The Yeet King|that wasnt a pun

|c|☆Pokemoner Maner|or was it

|c|☆Pokemoner Maner|mind blown

|c|☆The Yeet King|take a guess moron

|
|switch|p2a: Cloyster|Cloyster, F|100/100
|-damage|p2a: Cloyster|76/100|[from] Stealth Rock
|turn|6

|c|☆The Yeet King|of course it wasnt

|c|☆The Yeet King|also

|c|☆The Yeet King|eat this

|
|move|p2a: Cloyster|Ice Shard|p1a: Ziggyboy
|-supereffective|p1a: Ziggyboy
|-end|p1a: Ziggyboy|Substitute
|move|p1a: Ziggyboy|Toxic|p2a: Cloyster
|-status|p2a: Cloyster|tox
|
|-heal|p1a: Ziggyboy|99/100|[from] item: Leftovers
|-damage|p2a: Cloyster|70/100 tox|[from] psn
|upkeep
|turn|7

|
|move|p1a: Ziggyboy|Protect|p1a: Ziggyboy
|-singleturn|p1a: Ziggyboy|Protect
|move|p2a: Cloyster|Ice Shard|p1a: Ziggyboy
|-activate|p1a: Ziggyboy|move: Protect
|
|-heal|p1a: Ziggyboy|100/100|[from] item: Leftovers
|-damage|p2a: Cloyster|58/100 tox|[from] psn
|upkeep
|turn|8

|c|☆The Yeet King|this ni**BB**a for real running ice shared on me

|
|move|p2a: Cloyster|Ice Shard|p1a: Ziggyboy
|-supereffective|p1a: Ziggyboy
|-damage|p1a: Ziggyboy|44/100
|move|p1a: Ziggyboy|Substitute|p1a: Ziggyboy
|-start|p1a: Ziggyboy|Substitute
|-damage|p1a: Ziggyboy|19/100
|
|-heal|p1a: Ziggyboy|25/100|[from] item: Leftovers
|-damage|p2a: Cloyster|40/100 tox|[from] psn
|upkeep
|turn|9

|c|☆Pokemoner Maner|worst moveset for zygarde

|
|move|p1a: Ziggyboy|Protect|p1a: Ziggyboy
|-singleturn|p1a: Ziggyboy|Protect
|move|p2a: Cloyster|Ice Shard|p1a: Ziggyboy
|-activate|p1a: Ziggyboy|move: Protect
|
|-heal|p1a: Ziggyboy|31/100|[from] item: Leftovers
|-damage|p2a: Cloyster|16/100 tox|[from] psn
|upkeep
|turn|10

|c|☆The Yeet King|well if its the worst one

|c|☆The Yeet King|how come its beating you?

|
|move|p2a: Cloyster|Ice Shard|p1a: Ziggyboy
|-supereffective|p1a: Ziggyboy
|-end|p1a: Ziggyboy|Substitute
|move|p1a: Ziggyboy|Substitute|p1a: Ziggyboy
|-start|p1a: Ziggyboy|Substitute
|-damage|p1a: Ziggyboy|6/100
|
|-heal|p1a: Ziggyboy|12/100|[from] item: Leftovers
|-damage|p2a: Cloyster|0 fnt|[from] psn
|upkeep
|faint|p2a: Cloyster

|c|☆The Yeet King|as far as I know

|c|☆The Yeet King|its 6-4 for me

|c|☆Pokemoner Maner|get a life

|
|switch|p2a: Ferrothorn|Ferrothorn, F|100/100
|-damage|p2a: Ferrothorn|95/100|[from] Stealth Rock
|turn|11

|c|☆The Yeet King|says the one LOSING A POKEMAN MATCH

|c|☆The Yeet King|more like get good

|c|☆The Yeet King|lmao

|
|move|p1a: Ziggyboy|Thousand Arrows|p2a: Ferrothorn
|-damage|p2a: Ferrothorn|69/100
|move|p2a: Ferrothorn|Leech Seed|p1a: Ziggyboy
|-fail|p1a: Ziggyboy
|
|-heal|p1a: Ziggyboy|18/100|[from] item: Leftovers
|upkeep
|turn|12

|c|☆The Yeet King|you for real bri

|c|☆The Yeet King|why leech seed me behind a sub

|c|☆Pokemoner Maner|at least i don't use op pokemon

|c|☆Pokemoner Maner|only noobs do that

|c|☆Pokemoner Maner|ROASTED

|
|move|p1a: Ziggyboy|Thousand Arrows|p2a: Ferrothorn
|-damage|p2a: Ferrothorn|46/100
|move|p2a: Ferrothorn|Spikes|p1a: Ziggyboy
|-sidestart|p1: The Yeet King|Spikes
|
|-heal|p1a: Ziggyboy|24/100|[from] item: Leftovers
|upkeep
|turn|13

|c|☆Pokemoner Maner|you scared

|c|☆The Yeet King|how is this shit OP

|c|☆Pokemoner Maner|you are fucking stupid

|c|☆Pokemoner Maner|i didn't say op miveset

|c|☆Pokemoner Maner|moveset

|c|☆Pokemoner Maner|read

|c|☆Pokemoner Maner|you 1 year old

|c|☆The Yeet King|I didnt either?

|c|☆Pokemoner Maner|you do know what op means right?

|c|☆The Yeet King|over powered

|c|☆The Yeet King|i said my pokemon was over powered

|c|☆The Yeet King|never mentioned my moveset

|c|☆The Yeet King|youre fucking retarded

|inactive|Battle timer is ON: inactive players will automatically lose when time's up. (requested by The Yeet King)

|c|☆The Yeet King|now huslte the fuck up already

|c|☆The Yeet King|gotta give your mom a ride

|c|☆Pokemoner Maner|than

|inactive|Pokemoner Maner has 135 seconds left.

|c|☆Pokemoner Maner|i don't have a mum

|inactive|Pokemoner Maner has 120 seconds left.

|c|☆The Yeet King|how come you dont have a mum?

|inactive|Pokemoner Maner has 105 seconds left.

|c|☆Pokemoner Maner|you stupid my mum died

|inactive|Pokemoner Maner has 90 seconds left.

|inactive|Pokemoner Maner has 75 seconds left.

|c|☆Pokemoner Maner|my mum didn't go to jail like yours

|c|☆The Yeet King|oh is she dead?

|inactive|Pokemoner Maner has 60 seconds left.

|c|☆The Yeet King|dont worry ill burry her back after im done

|inactive|Pokemoner Maner has 45 seconds left.

|c|☆Pokemoner Maner|we are in the same country

|c|☆The Yeet King|itll be a quick one pal

|c|☆The Yeet King|oh are we?

|inactive|Pokemoner Maner has 30 seconds left.

|c|☆Pokemoner Maner|i am in asia

|inactive|Pokemoner Maner has 20 seconds left.

|inactive|Pokemoner Maner has 15 seconds left.

|
|move|p1a: Ziggyboy|Thousand Arrows|p2a: Ferrothorn
|-damage|p2a: Ferrothorn|24/100
|move|p2a: Ferrothorn|Explosion|p1a: Ziggyboy
|-crit|p1a: Ziggyboy
|-end|p1a: Ziggyboy|Substitute
|faint|p2a: Ferrothorn
|
|-heal|p1a: Ziggyboy|30/100|[from] item: Leftovers
|upkeep

|inactive|Pokemoner Maner has 90 seconds left.

|c|☆The Yeet King|youre in asia huh?

|c|☆Pokemoner Maner|yeah

|c|☆The Yeet King|your moms in heaven though

|
|switch|p2a: Audino|Audino, F|100/100
|-damage|p2a: Audino|88/100|[from] Stealth Rock
|turn|14

|
|switch|p1a: Kartana|Kartana|100/100
|-damage|p1a: Kartana|88/100|[from] Spikes
|-activate|p1a: Kartana|move: Sticky Web
|-unboost|p1a: Kartana|spe|1
|-damage|p1a: Kartana|82/100|[from] Stealth Rock
|move|p2a: Audino|Toxic|p1a: Kartana|[miss]
|-miss|p2a: Audino|p1a: Kartana
|
|upkeep
|turn|15

|c|☆The Yeet King|lmao well played nerd

|
|move|p2a: Audino|Protect|p2a: Audino
|-singleturn|p2a: Audino|Protect
|move|p1a: Kartana|Defog|p2a: Audino
|-activate|p2a: Audino|move: Protect
|
|upkeep
|turn|16

|
|move|p1a: Kartana|Defog|p2a: Audino
|-unboost|p2a: Audino|evasion|1
|-sideend|p2: Pokemoner Maner|Stealth Rock|[from] move: Defog|[of] p2a: Audino
|-sideend|p1: The Yeet King|Spikes|[from] move: Defog|[of] p1a: Kartana
|-sideend|p1: The Yeet King|Stealth Rock|[from] move: Defog|[of] p1a: Kartana
|-sideend|p1: The Yeet King|Sticky Web|[from] move: Defog|[of] p1a: Kartana
|move|p2a: Audino|Wish|p2a: Audino
|
|upkeep
|turn|17

|
|switch|p1a: Landorus|Landorus-Therian, M|100/100 slp
|-ability|p1a: Landorus|Intimidate|boost
|-unboost|p2a: Audino|atk|1
|switch|p2a: Charizard|Charizard, F|100/100
|
|upkeep
|turn|18

|inactive|Pokemoner Maner has 105 seconds left.

|c|☆The Yeet King|look at this dude

|
|switch|p1a: Toxapex|Toxapex, M|100/100
|detailschange|p2a: Charizard|Charizard-Mega-Y, F
|-mega|p2a: Charizard|Charizard|Charizardite Y
|-weather|SunnyDay|[from] ability: Drought|[of] p2a: Charizard
|move|p2a: Charizard|Air Slash|p1a: Toxapex
|-damage|p1a: Toxapex|65/100
|
|-weather|SunnyDay|[upkeep]
|-heal|p1a: Toxapex|70/100|[from] item: Black Sludge
|upkeep
|turn|19

|inactive|Pokemoner Maner has 105 seconds left.

|c|☆The Yeet King|im about to flex on ya

|inactive|Pokemoner Maner has 90 seconds left.

|c|☆Pokemoner Maner|what is a ya?

|inactive|Pokemoner Maner has 75 seconds left.

|
|move|p2a: Charizard|Air Slash|p1a: Toxapex
|-damage|p1a: Toxapex|36/100
|move|p1a: Toxapex|Toxic|p2a: Charizard
|-status|p2a: Charizard|tox
|
|-weather|SunnyDay|[upkeep]
|-heal|p1a: Toxapex|42/100|[from] item: Black Sludge
|-damage|p2a: Charizard|94/100 tox|[from] psn
|upkeep
|turn|20

|inactive|Pokemoner Maner has 75 seconds left.

|c|☆The Yeet King|thats what I call your mom

|c|☆Pokemoner Maner|my mum is watching you

|inactive|Pokemoner Maner has 60 seconds left.

|
|move|p2a: Charizard|Air Slash|p1a: Toxapex
|-damage|p1a: Toxapex|8/100
|move|p1a: Toxapex|Recover|p1a: Toxapex
|-heal|p1a: Toxapex|59/100
|
|-weather|SunnyDay|[upkeep]
|-heal|p1a: Toxapex|65/100|[from] item: Black Sludge
|-damage|p2a: Charizard|82/100 tox|[from] psn
|upkeep
|turn|21

|inactive|The Yeet King has 135 seconds left.

|inactive|The Yeet King has 120 seconds left.

|inactive|The Yeet King has 105 seconds left.

|inactive|The Yeet King has 90 seconds left.

|inactive|The Yeet King has 75 seconds left.

|inactive|The Yeet King has 60 seconds left.

|inactive|The Yeet King has 45 seconds left.

|inactive|The Yeet King has 30 seconds left.

|inactive|The Yeet King has 20 seconds left.

|inactive|The Yeet King has 15 seconds left.

|inactive|The Yeet King has 10 seconds left.

|inactive|The Yeet King has 5 seconds left.

|-message|The Yeet King lost due to inactivity.
|
|win|Pokemoner Maner
