|init|battle
|title|The Yeet King vs. Anao menor
|j|☆The Yeet King
|j|☆Anao menor
|player|p1|The Yeet King|156
|player|p2|Anao menor|102
|teamsize|p1|6
|teamsize|p2|6
|gametype|singles
|gen|7
|tier|[Gen 7] Ubers
|rated|
|rule|Sleep Clause Mod: Limit one foe put to sleep
|rule|Species Clause: Limit one of each Pokémon
|rule|OHKO Clause: OHKO moves are banned
|rule|Moody Clause: Moody is banned
|rule|Evasion Moves Clause: Evasion moves are banned
|rule|Endless Battle Clause: Forcing endless battles is banned
|rule|HP Percentage Mod: HP is shown in percentages
|clearpoke
|poke|p1|Marshadow|item
|poke|p1|Necrozma-Dusk-Mane|item
|poke|p1|Arceus-*|item
|poke|p1|Salamence, M|item
|poke|p1|Groudon|item
|poke|p1|Darkrai|item
|poke|p2|Chansey, F|item
|poke|p2|Pinsir, M|item
|poke|p2|Volcarona, F|item
|poke|p2|Ninetales-Alola, M|item
|poke|p2|Cloyster, F|item
|poke|p2|Beartic, M|item
|rule|Mega Rayquaza Clause: You cannot mega evolve Rayquaza
|teampreview
|
|start
|switch|p1a: Mega Silvally|Arceus-Water|100/100
|switch|p2a: Ninetales|Ninetales-Alola, M|100/100
|-weather|Hail|[from] ability: Snow Warning|[of] p2a: Ninetales
|turn|1
|
|move|p1a: Mega Silvally|Stealth Rock|p2a: Ninetales
|-sidestart|p2: Anao menor|move: Stealth Rock
|move|p2a: Ninetales|Aurora Veil|p2a: Ninetales
|-sidestart|p2: Anao menor|move: Aurora Veil
|
|-weather|Hail|[upkeep]
|-damage|p1a: Mega Silvally|94/100|[from] Hail
|upkeep
|turn|2
|
|move|p1a: Mega Silvally|Toxic|p2a: Ninetales
|-status|p2a: Ninetales|tox
|move|p2a: Ninetales|Confuse Ray|p1a: Mega Silvally
|-start|p1a: Mega Silvally|confusion
|
|-weather|Hail|[upkeep]
|-damage|p1a: Mega Silvally|88/100|[from] Hail
|-damage|p2a: Ninetales|94/100 tox|[from] psn
|upkeep
|turn|3

|
|switch|p1a: Marshmellow|Marshadow|100/100
|move|p2a: Ninetales|Blizzard|p1a: Marshmellow
|-damage|p1a: Marshmellow|60/100
|
|-weather|Hail|[upkeep]
|-damage|p1a: Marshmellow|54/100|[from] Hail
|-damage|p2a: Ninetales|82/100 tox|[from] psn
|upkeep
|turn|4

|inactive|Battle timer is ON: inactive players will automatically lose when time's up. (requested by The Yeet King)

|
|move|p1a: Marshmellow|Swagger|p2a: Ninetales
|-boost|p2a: Ninetales|atk|2
|-start|p2a: Ninetales|confusion
|-activate|p2a: Ninetales|confusion
|-damage|p2a: Ninetales|71/100 tox|[from] confusion
|
|-weather|Hail|[upkeep]
|-damage|p1a: Marshmellow|48/100|[from] Hail
|-damage|p2a: Ninetales|52/100 tox|[from] psn
|upkeep
|turn|5

|
|move|p1a: Marshmellow|Spectral Thief|p2a: Ninetales|[still]
|-clearpositiveboost|p2a: Ninetales|p1a: Marshmellow|move: Spectral Thief
|-boost|p1a: Marshmellow|atk|2
|-anim|p1a: Marshmellow|Spectral Thief|p2a: Ninetales
|-damage|p2a: Ninetales|0 fnt
|faint|p2a: Ninetales
|
|-weather|none
|-sideend|p2: Anao menor|move: Aurora Veil
|upkeep

|
|switch|p2a: Beartic|Beartic, M|100/100
|-damage|p2a: Beartic|75/100|[from] Stealth Rock
|turn|6

|
|move|p1a: Marshmellow|Close Combat|p2a: Beartic
|-supereffective|p2a: Beartic
|-damage|p2a: Beartic|0 fnt
|-unboost|p1a: Marshmellow|def|1
|-unboost|p1a: Marshmellow|spd|1
|-enditem|p1a: Marshmellow|White Herb
|-clearnegativeboost|p1a: Marshmellow|[silent]
|faint|p2a: Beartic
|
|upkeep

|
|switch|p2a: Cloyster|Cloyster, F|100/100
|-damage|p2a: Cloyster|76/100|[from] Stealth Rock
|turn|7

|
|move|p1a: Marshmellow|Close Combat|p2a: Cloyster
|-supereffective|p2a: Cloyster
|-damage|p2a: Cloyster|0 fnt
|-unboost|p1a: Marshmellow|def|1
|-unboost|p1a: Marshmellow|spd|1
|faint|p2a: Cloyster
|
|upkeep

|inactive|Anao menor has 135 seconds left.

|inactive|Anao menor has 120 seconds left.

|inactive|Anao menor has 105 seconds left.

|inactive|Anao menor has 90 seconds left.

|inactive|Anao menor has 75 seconds left.

|inactive|Anao menor has 60 seconds left.

|inactive|Anao menor has 45 seconds left.

|inactive|Anao menor has 30 seconds left.

|inactive|Anao menor has 20 seconds left.

|inactive|Anao menor has 15 seconds left.

|inactive|Anao menor has 10 seconds left.

|inactive|Anao menor has 5 seconds left.

|-message|Anao menor lost due to inactivity.
|
|win|The Yeet King
