|init|battle
|title|The Yeet King vs. XIAOSAO
|j|☆The Yeet King
|j|☆XIAOSAO
|player|p1|The Yeet King|156
|player|p2|XIAOSAO|266
|teamsize|p1|6
|teamsize|p2|6
|gametype|singles
|gen|7
|tier|[Gen 7] Ubers
|rated|
|rule|Sleep Clause Mod: Limit one foe put to sleep
|rule|Species Clause: Limit one of each Pokémon
|rule|OHKO Clause: OHKO moves are banned
|rule|Moody Clause: Moody is banned
|rule|Evasion Moves Clause: Evasion moves are banned
|rule|Endless Battle Clause: Forcing endless battles is banned
|rule|HP Percentage Mod: HP is shown in percentages
|clearpoke
|poke|p1|Marshadow|item
|poke|p1|Necrozma-Dusk-Mane|item
|poke|p1|Arceus-*|item
|poke|p1|Salamence, F|item
|poke|p1|Groudon|item
|poke|p1|Darkrai|item
|poke|p2|Darkrai|item
|poke|p2|Marshadow|item
|poke|p2|Lugia|item
|poke|p2|Magearna|item
|poke|p2|Blaziken, F|item
|poke|p2|Landorus, M|item
|rule|Mega Rayquaza Clause: You cannot mega evolve Rayquaza
|teampreview
|
|start
|switch|p1a: Mega Silvally|Arceus-Water|100/100
|switch|p2a: Darkrai|Darkrai|100/100
|turn|1
|
|move|p2a: Darkrai|Dark Void|p1a: Mega Silvally|[miss]
|-miss|p2a: Darkrai|p1a: Mega Silvally
|move|p1a: Mega Silvally|Stealth Rock|p2a: Darkrai
|-sidestart|p2: XIAOSAO|move: Stealth Rock
|
|upkeep
|turn|2
|
|move|p2a: Darkrai|Dark Void|p1a: Mega Silvally
|-status|p1a: Mega Silvally|slp
|cant|p1a: Mega Silvally|slp
|
|-damage|p1a: Mega Silvally|88/100 slp|[from] ability: Bad Dreams|[of] p2a: Darkrai
|upkeep
|turn|3

|
|switch|p1a: Negrosma|Necrozma-Dusk-Mane|100/100
|move|p2a: Darkrai|Dark Pulse|p1a: Negrosma
|-supereffective|p1a: Negrosma
|-damage|p1a: Negrosma|29/100
|-enditem|p1a: Negrosma|Weakness Policy
|-boost|p1a: Negrosma|atk|2
|-boost|p1a: Negrosma|spa|2
|
|upkeep
|turn|4

|
|move|p2a: Darkrai|Dark Pulse|p1a: Negrosma
|-supereffective|p1a: Negrosma
|-damage|p1a: Negrosma|0 fnt
|faint|p1a: Negrosma
|
|upkeep

|
|switch|p1a: pee-don|Groudon|100/100
|detailschange|p1a: pee-don|Groudon-Primal
|-primal|p1a: pee-don
|-weather|DesolateLand|[from] ability: Desolate Land|[of] p1a: pee-don
|turn|5

|
|move|p2a: Darkrai|Dark Void|p1a: pee-don|[miss]
|-miss|p2a: Darkrai|p1a: pee-don
|move|p1a: pee-don|Fire Punch|p2a: Darkrai
|-damage|p2a: Darkrai|0 fnt
|faint|p2a: Darkrai
|
|-weather|DesolateLand|[upkeep]
|upkeep

|
|switch|p2a: Lugia|Lugia|100/100
|-damage|p2a: Lugia|76/100|[from] Stealth Rock
|turn|6

|
|move|p2a: Lugia|Calm Mind|p2a: Lugia
|-boost|p2a: Lugia|spa|1
|-boost|p2a: Lugia|spd|1
|move|p1a: pee-don|Fire Punch|p2a: Lugia
|-damage|p2a: Lugia|15/100
|
|-weather|DesolateLand|[upkeep]
|-heal|p2a: Lugia|21/100|[from] item: Leftovers
|upkeep
|turn|7

|
|move|p2a: Lugia|Roost|p2a: Lugia
|-heal|p2a: Lugia|71/100
|move|p1a: pee-don|Fire Punch|p2a: Lugia
|-damage|p2a: Lugia|13/100
|
|-weather|DesolateLand|[upkeep]
|-heal|p2a: Lugia|19/100|[from] item: Leftovers
|upkeep
|turn|8

|
|move|p2a: Lugia|Roost|p2a: Lugia
|-heal|p2a: Lugia|69/100
|move|p1a: pee-don|Fire Punch|p2a: Lugia
|-damage|p2a: Lugia|16/100
|
|-weather|DesolateLand|[upkeep]
|-heal|p2a: Lugia|22/100|[from] item: Leftovers
|upkeep
|turn|9

|
|move|p2a: Lugia|Roost|p2a: Lugia
|-heal|p2a: Lugia|72/100
|move|p1a: pee-don|Fire Punch|p2a: Lugia
|-damage|p2a: Lugia|14/100
|
|-weather|DesolateLand|[upkeep]
|-heal|p2a: Lugia|21/100|[from] item: Leftovers
|upkeep
|turn|10

|
|move|p2a: Lugia|Roost|p2a: Lugia
|-heal|p2a: Lugia|71/100
|move|p1a: pee-don|Fire Punch|p2a: Lugia
|-damage|p2a: Lugia|13/100
|
|-weather|DesolateLand|[upkeep]
|-heal|p2a: Lugia|19/100|[from] item: Leftovers
|upkeep
|turn|11

|c|☆The Yeet King|you CANT win

|c|☆The Yeet King|nerd

|l|☆XIAOSAO

|player|p2|
|inactive|Battle timer is ON: inactive players will automatically lose when time's up. (requested by The Yeet King)

|inactive|XIAOSAO has 20 seconds to reconnect!

|inactive|XIAOSAO has 15 seconds to reconnect!

|inactive|XIAOSAO has 10 seconds to reconnect!

|inactive|XIAOSAO has 5 seconds to reconnect!

|-message|XIAOSAO lost due to inactivity.
|
|win|The Yeet King
