|init|battle
|title|frankie_waffles vs. The Yeet King
|j|☆frankie_waffles
|j|☆The Yeet King
|player|p1|frankie_waffles|293
|player|p2|The Yeet King|156
|teamsize|p1|6
|teamsize|p2|6
|gametype|singles
|gen|7
|tier|[Gen 7] UU
|rated|
|rule|Sleep Clause Mod: Limit one foe put to sleep
|rule|Species Clause: Limit one of each Pokémon
|rule|OHKO Clause: OHKO moves are banned
|rule|Moody Clause: Moody is banned
|rule|Evasion Moves Clause: Evasion moves are banned
|rule|Endless Battle Clause: Forcing endless battles is banned
|rule|HP Percentage Mod: HP is shown in percentages
|clearpoke
|poke|p1|Cobalion|item
|poke|p1|Absol, F|item
|poke|p1|Togekiss, M|item
|poke|p1|Marowak-Alola, M|item
|poke|p1|Goodra, M|item
|poke|p1|Primarina, F|item
|poke|p2|Diancie|item
|poke|p2|Scizor, M|item
|poke|p2|Magneton|item
|poke|p2|Hydreigon, M|item
|poke|p2|Krookodile, M|item
|poke|p2|Gengar, M|item
|teampreview
|inactive|Battle timer is ON: inactive players will automatically lose when time's up. (requested by frankie_waffles)
|
|start
|switch|p1a: Shadow|Absol, F|100/100
|switch|p2a: socks and crocs|Krookodile, M|100/100
|-ability|p2a: socks and crocs|Intimidate|boost
|-unboost|p1a: Shadow|atk|1
|-ability|p1a: Shadow|Pressure
|turn|1
|
|switch|p1a: Nitro|Togekiss, M|100/100
|-zpower|p2a: socks and crocs
|move|p2a: socks and crocs|Tectonic Rage|p1a: Nitro|[zeffect]
|-immune|p1a: Nitro|[msg]
|
|upkeep
|turn|2
|c|☆The Yeet King|literally fuck off
|c|☆The Yeet King|magic bounce my ass
|
|move|p1a: Nitro|Dazzling Gleam|p2a: socks and crocs
|-supereffective|p2a: socks and crocs
|-damage|p2a: socks and crocs|0 fnt
|faint|p2a: socks and crocs
|
|upkeep

|
|switch|p2a: Scizor|Scizor, M|100/100
|turn|3

|
|switch|p1a: Athos|Cobalion|100/100
|switch|p2a: shiny clefairy|Gengar, M|100/100
|
|upkeep
|turn|4

|
|move|p2a: shiny clefairy|Shadow Ball|p1a: Athos
|-damage|p1a: Athos|47/100
|-zpower|p1a: Athos
|move|p1a: Athos|Corkscrew Crash|p2a: shiny clefairy|[zeffect]
|-damage|p2a: shiny clefairy|0 fnt
|faint|p2a: shiny clefairy
|
|upkeep

|
|switch|p2a: B O N E L E S S|Diancie|100/100
|turn|5

|
|detailschange|p2a: B O N E L E S S|Diancie-Mega
|-mega|p2a: B O N E L E S S|Diancie|Diancite
|move|p2a: B O N E L E S S|Moonblast|p1a: Athos
|-damage|p1a: Athos|0 fnt
|faint|p1a: Athos
|
|upkeep

|
|switch|p1a: Raptorus|Marowak-Alola, M, shiny|100/100
|turn|6

|
|move|p2a: B O N E L E S S|Diamond Storm|p1a: Raptorus
|-supereffective|p1a: Raptorus
|-damage|p1a: Raptorus|8/100
|-boost|p2a: B O N E L E S S|def|2
|move|p1a: Raptorus|Earthquake|p2a: B O N E L E S S
|-supereffective|p2a: B O N E L E S S
|-damage|p2a: B O N E L E S S|19/100
|
|upkeep
|turn|7

|
|move|p2a: B O N E L E S S|Diamond Storm|p1a: Raptorus
|-supereffective|p1a: Raptorus
|-damage|p1a: Raptorus|0 fnt
|faint|p1a: Raptorus
|
|upkeep

|
|switch|p1a: Primarina|Primarina, F|100/100
|turn|8

|
|move|p2a: B O N E L E S S|Moonblast|p1a: Primarina
|-damage|p1a: Primarina|45/100
|-unboost|p1a: Primarina|spa|1
|move|p1a: Primarina|Scald|p2a: B O N E L E S S
|-supereffective|p2a: B O N E L E S S
|-damage|p2a: B O N E L E S S|0 fnt
|faint|p2a: B O N E L E S S
|
|upkeep

|
|switch|p2a: magic houdini|Magneton|100/100
|turn|9

|
|move|p2a: magic houdini|Volt Switch|p1a: Primarina
|-supereffective|p1a: Primarina
|-damage|p1a: Primarina|0 fnt
|faint|p1a: Primarina

|
|switch|p2a: bitch dragon|Hydreigon, M|100/100
|
|upkeep

|
|switch|p1a: Goober|Goodra, M|100/100
|turn|10

|
|move|p2a: bitch dragon|Draco Meteor|p1a: Goober
|-supereffective|p1a: Goober
|-damage|p1a: Goober|17/100
|-unboost|p2a: bitch dragon|spa|2
|move|p1a: Goober|Draco Meteor|p2a: bitch dragon
|-supereffective|p2a: bitch dragon
|-damage|p2a: bitch dragon|0 fnt
|-unboost|p1a: Goober|spa|2
|faint|p2a: bitch dragon
|
|upkeep

|
|switch|p2a: Scizor|Scizor, M|100/100
|turn|11

|
|move|p1a: Goober|Flamethrower|p2a: Scizor
|-supereffective|p2a: Scizor
|-damage|p2a: Scizor|21/100
|move|p2a: Scizor|Swords Dance|p2a: Scizor
|-boost|p2a: Scizor|atk|2
|
|upkeep
|turn|12

|
|move|p2a: Scizor|Bullet Punch|p1a: Goober
|-damage|p1a: Goober|0 fnt
|-ability|p1a: Goober|Gooey
|-unboost|p2a: Scizor|spe|1
|-damage|p2a: Scizor|11/100|[from] item: Life Orb
|faint|p1a: Goober
|
|upkeep

|
|switch|p1a: Shadow|Absol, F|100/100
|-ability|p1a: Shadow|Pressure
|turn|13

|
|detailschange|p1a: Shadow|Absol-Mega, F
|-mega|p1a: Shadow|Absol|Absolite
|move|p1a: Shadow|Sucker Punch|p2a: Scizor
|-damage|p2a: Scizor|0 fnt
|faint|p2a: Scizor
|
|upkeep

|inactive|The Yeet King has 135 seconds left.

|
|switch|p2a: magic houdini|Magneton|100/100
|turn|14

|c|☆The Yeet King|ayooo literally FUCK OFF

|
|move|p2a: magic houdini|Flash Cannon|p1a: Shadow
|-damage|p1a: Shadow|27/100
|move|p1a: Shadow|Knock Off|p2a: magic houdini
|-damage|p2a: magic houdini|13/100
|-enditem|p2a: magic houdini|Choice Scarf|[from] move: Knock Off|[of] p1a: Shadow
|
|upkeep
|turn|15

|
|move|p1a: Shadow|Sucker Punch|p2a: magic houdini
|-damage|p2a: magic houdini|0 fnt
|faint|p2a: magic houdini
|
|win|frankie_waffles
