|init|battle
|title|Galactic Nebula vs. The Yeet King
|j|☆Galactic Nebula
|j|☆The Yeet King
|player|p1|Galactic Nebula|153
|player|p2|The Yeet King|156
|teamsize|p1|6
|teamsize|p2|6
|gametype|singles
|gen|7
|tier|[Gen 7] Ubers
|rated|
|rule|Sleep Clause Mod: Limit one foe put to sleep
|rule|Species Clause: Limit one of each Pokémon
|rule|OHKO Clause: OHKO moves are banned
|rule|Moody Clause: Moody is banned
|rule|Evasion Moves Clause: Evasion moves are banned
|rule|Endless Battle Clause: Forcing endless battles is banned
|rule|HP Percentage Mod: HP is shown in percentages
|clearpoke
|poke|p1|Salamence, M|item
|poke|p1|Yveltal|item
|poke|p1|Groudon|item
|poke|p1|Necrozma-Dusk-Mane|item
|poke|p1|Zygarde|item
|poke|p1|Arceus-*|item
|poke|p2|Marshadow|item
|poke|p2|Necrozma-Dusk-Mane|item
|poke|p2|Arceus-*|item
|poke|p2|Salamence, M|item
|poke|p2|Groudon|item
|poke|p2|Darkrai|item
|rule|Mega Rayquaza Clause: You cannot mega evolve Rayquaza
|teampreview
|inactive|Battle timer is ON: inactive players will automatically lose when time's up. (requested by The Yeet King)
|
|start
|switch|p1a: Salamence|Salamence, M|100/100
|switch|p2a: Arceus|Arceus-Water|100/100
|-ability|p1a: Salamence|Intimidate|boost
|-unboost|p2a: Arceus|atk|1
|turn|1
|
|switch|p1a: Groudon|Groudon|100/100
|detailschange|p1a: Groudon|Groudon-Primal
|-primal|p1a: Groudon
|-weather|DesolateLand|[from] ability: Desolate Land|[of] p1a: Groudon
|move|p2a: Arceus|Stealth Rock|p1a: Groudon
|-sidestart|p1: Galactic Nebula|move: Stealth Rock
|
|-weather|DesolateLand|[upkeep]
|upkeep
|turn|2
|
|move|p2a: Arceus|Toxic|p1a: Groudon
|-status|p1a: Groudon|tox
|move|p1a: Groudon|Toxic|p2a: Arceus|[miss]
|-miss|p1a: Groudon|p2a: Arceus
|
|-weather|DesolateLand|[upkeep]
|-damage|p1a: Groudon|94/100 tox|[from] psn
|upkeep
|turn|3
|inactive|The Yeet King has 135 seconds left.
|
|switch|p2a: Groudon|Groudon|100/100
|detailschange|p2a: Groudon|Groudon-Primal
|-primal|p2a: Groudon
|move|p1a: Groudon|Toxic|p2a: Groudon
|-status|p2a: Groudon|tox
|
|-weather|DesolateLand|[upkeep]
|-damage|p1a: Groudon|82/100 tox|[from] psn
|-damage|p2a: Groudon|94/100 tox|[from] psn
|upkeep
|turn|4
|
|move|p1a: Groudon|Stealth Rock|p2a: Groudon
|-sidestart|p2: The Yeet King|move: Stealth Rock
|move|p2a: Groudon|Precipice Blades|p1a: Groudon
|-supereffective|p1a: Groudon
|-damage|p1a: Groudon|0 fnt
|faint|p1a: Groudon
|
|-weather|DesolateLand|[upkeep]
|-damage|p2a: Groudon|82/100 tox|[from] psn
|upkeep
|
|switch|p1a: Salamence|Salamence, M|100/100
|-damage|p1a: Salamence|76/100|[from] Stealth Rock
|-ability|p1a: Salamence|Intimidate|boost
|-unboost|p2a: Groudon|atk|1
|turn|5

|
|-weather|none
|switch|p2a: Arceus|Arceus-Water|100/100
|-damage|p2a: Arceus|88/100|[from] Stealth Rock
|detailschange|p1a: Salamence|Salamence-Mega, M
|-mega|p1a: Salamence|Salamence|Salamencite
|move|p1a: Salamence|Dragon Dance|p1a: Salamence
|-boost|p1a: Salamence|atk|1
|-boost|p1a: Salamence|spe|1
|
|upkeep
|turn|6

|
|move|p1a: Salamence|Double-Edge|p2a: Arceus
|-damage|p2a: Arceus|2/100
|-damage|p1a: Salamence|39/100|[from] Recoil
|move|p2a: Arceus|Defog|p1a: Salamence
|-unboost|p1a: Salamence|evasion|1
|-sideend|p1: Galactic Nebula|Stealth Rock|[from] move: Defog|[of] p1a: Salamence
|-sideend|p2: The Yeet King|Stealth Rock|[from] move: Defog|[of] p2a: Arceus
|
|upkeep
|turn|7

|
|move|p1a: Salamence|Roost|p1a: Salamence
|-heal|p1a: Salamence|89/100
|move|p2a: Arceus|Toxic|p1a: Salamence
|-status|p1a: Salamence|tox
|
|-damage|p1a: Salamence|82/100 tox|[from] psn
|upkeep
|turn|8

|
|move|p1a: Salamence|Double-Edge|p2a: Arceus
|-damage|p2a: Arceus|0 fnt
|-damage|p1a: Salamence|82/100 tox|[from] Recoil
|faint|p2a: Arceus
|
|-damage|p1a: Salamence|70/100 tox|[from] psn
|upkeep

|
|switch|p2a: Marshadow|Marshadow|100/100
|turn|9

|inactive|Galactic Nebula has 135 seconds left.

|
|switch|p1a: Zygarde|Zygarde|100/100
|move|p2a: Marshadow|Spectral Thief|p1a: Zygarde
|-damage|p1a: Zygarde|75/100
|
|-heal|p1a: Zygarde|82/100|[from] item: Leftovers
|upkeep
|turn|10

|
|move|p2a: Marshadow|Swagger|p1a: Zygarde
|-boost|p1a: Zygarde|atk|2
|-start|p1a: Zygarde|confusion
|-activate|p1a: Zygarde|confusion
|move|p1a: Zygarde|Glare|p2a: Marshadow
|-status|p2a: Marshadow|par
|
|-heal|p1a: Zygarde|88/100|[from] item: Leftovers
|upkeep
|turn|11

|inactive|Galactic Nebula has 135 seconds left.

|inactive|The Yeet King has 135 seconds left.

|inactive|Galactic Nebula has 120 seconds left.

|inactive|Galactic Nebula has 105 seconds left.

|
|switch|p1a: Arceus|Arceus-Fairy|100/100
|switch|p2a: Darkrai|Darkrai|100/100
|
|upkeep
|turn|12

|
|switch|p2a: Necrozma|Necrozma-Dusk-Mane|100/100
|move|p1a: Arceus|Judgment|p2a: Necrozma
|-resisted|p2a: Necrozma
|-damage|p2a: Necrozma|76/100
|
|upkeep
|turn|13

|inactive|Galactic Nebula has 135 seconds left.

|
|switch|p1a: Yveltal|Yveltal|100/100
|-ability|p1a: Yveltal|Dark Aura
|move|p2a: Necrozma|Rock Polish|p2a: Necrozma
|-boost|p2a: Necrozma|spe|2
|
|upkeep
|turn|14

|inactive|The Yeet King has 135 seconds left.

|
|move|p2a: Necrozma|Sunsteel Strike|p1a: Yveltal
|-damage|p1a: Yveltal|46/100
|move|p1a: Yveltal|Dark Pulse|p2a: Necrozma
|-supereffective|p2a: Necrozma
|-damage|p2a: Necrozma|0 fnt
|-damage|p1a: Yveltal|36/100|[from] item: Life Orb
|faint|p2a: Necrozma
|
|upkeep

|
|switch|p2a: Darkrai|Darkrai|100/100
|turn|15

|
|switch|p1a: Arceus|Arceus-Fairy|100/100
|-zpower|p2a: Darkrai
|move|p2a: Darkrai|Z-Hypnosis|p1a: Arceus|[anim]Hypnosis|[miss]
|-boost|p2a: Darkrai|spe|1|[zeffect]
|-miss|p2a: Darkrai|p1a: Arceus
|
|upkeep
|turn|16

|
|move|p2a: Darkrai|Hypnosis|p1a: Arceus
|-status|p1a: Arceus|slp
|cant|p1a: Arceus|slp
|
|-damage|p1a: Arceus|88/100 slp|[from] ability: Bad Dreams|[of] p2a: Darkrai
|upkeep
|turn|17

|inactive|Galactic Nebula has 135 seconds left.

|
|move|p2a: Darkrai|Calm Mind|p2a: Darkrai
|-boost|p2a: Darkrai|spa|1
|-boost|p2a: Darkrai|spd|1
|cant|p1a: Arceus|slp
|
|-damage|p1a: Arceus|76/100 slp|[from] ability: Bad Dreams|[of] p2a: Darkrai
|upkeep
|turn|18

|
|move|p2a: Darkrai|Shadow Ball|p1a: Arceus
|-damage|p1a: Arceus|48/100 slp
|cant|p1a: Arceus|slp
|
|-damage|p1a: Arceus|36/100 slp|[from] ability: Bad Dreams|[of] p2a: Darkrai
|upkeep
|turn|19

|
|move|p2a: Darkrai|Shadow Ball|p1a: Arceus
|-damage|p1a: Arceus|6/100 slp
|-unboost|p1a: Arceus|spd|1
|-curestatus|p1a: Arceus|slp|[msg]
|move|p1a: Arceus|Judgment|p2a: Darkrai
|-supereffective|p2a: Darkrai
|-damage|p2a: Darkrai|20/100
|
|upkeep
|turn|20

|
|move|p2a: Darkrai|Shadow Ball|p1a: Arceus
|-damage|p1a: Arceus|0 fnt
|faint|p1a: Arceus
|
|upkeep

|
|switch|p1a: Yveltal|Yveltal|36/100
|-ability|p1a: Yveltal|Dark Aura
|turn|21

|
|move|p1a: Yveltal|Sucker Punch|p2a: Darkrai
|-resisted|p2a: Darkrai
|-damage|p2a: Darkrai|0 fnt
|-damage|p1a: Yveltal|26/100|[from] item: Life Orb
|faint|p2a: Darkrai
|
|upkeep

|
|switch|p2a: Salamence|Salamence, M|100/100
|-ability|p2a: Salamence|Intimidate|boost
|-unboost|p1a: Yveltal|atk|1
|turn|22

|
|detailschange|p2a: Salamence|Salamence-Mega, M
|-mega|p2a: Salamence|Salamence|Salamencite
|move|p2a: Salamence|Dragon Dance|p2a: Salamence
|-boost|p2a: Salamence|atk|1
|-boost|p2a: Salamence|spe|1
|move|p1a: Yveltal|Oblivion Wing|p2a: Salamence
|-damage|p2a: Salamence|43/100
|-heal|p1a: Yveltal|62/100|[from] drain|[of] p2a: Salamence
|-damage|p1a: Yveltal|52/100|[from] item: Life Orb
|
|upkeep
|turn|23

|
|move|p2a: Salamence|Return|p1a: Yveltal
|-damage|p1a: Yveltal|0 fnt
|faint|p1a: Yveltal
|
|upkeep

|
|switch|p1a: Zygarde|Zygarde|88/100
|turn|24

|
|move|p2a: Salamence|Dragon Claw|p1a: Zygarde
|-supereffective|p1a: Zygarde
|-damage|p1a: Zygarde|12/100
|move|p1a: Zygarde|Glare|p2a: Salamence
|-status|p2a: Salamence|par
|
|-heal|p1a: Zygarde|18/100|[from] item: Leftovers
|-activate|p1a: Zygarde|ability: Power Construct
|detailschange|p1a: Zygarde|Zygarde-Complete
|-heal|p1a: Zygarde|46/100|[silent]
|upkeep
|turn|25

|
|move|p2a: Salamence|Dragon Claw|p1a: Zygarde
|-supereffective|p1a: Zygarde
|-crit|p1a: Zygarde
|-damage|p1a: Zygarde|0 fnt
|faint|p1a: Zygarde
|
|upkeep

|
|switch|p1a: Salamence|Salamence-Mega, M|70/100 tox
|turn|26

|
|move|p1a: Salamence|Facade|p2a: Salamence
|-damage|p2a: Salamence|0 fnt
|faint|p2a: Salamence
|
|-damage|p1a: Salamence|63/100 tox|[from] psn
|upkeep

|
|switch|p2a: Marshadow|Marshadow|100/100 par
|turn|27

|
|move|p1a: Salamence|Facade|p2a: Marshadow
|-supereffective|p2a: Marshadow
|-damage|p2a: Marshadow|0 fnt
|faint|p2a: Marshadow
|
|-damage|p1a: Salamence|51/100 tox|[from] psn
|upkeep

|
|switch|p2a: Groudon|Groudon-Primal|82/100 tox
|-weather|DesolateLand|[from] ability: Desolate Land|[of] p2a: Groudon
|turn|28

|
|move|p1a: Salamence|Facade|p2a: Groudon
|-damage|p2a: Groudon|25/100 tox
|move|p2a: Groudon|Precipice Blades|p1a: Salamence
|-immune|p1a: Salamence|[msg]
|
|-weather|DesolateLand|[upkeep]
|-damage|p1a: Salamence|33/100 tox|[from] psn
|-damage|p2a: Groudon|18/100 tox|[from] psn
|upkeep
|turn|29

|
|move|p1a: Salamence|Facade|p2a: Groudon
|-damage|p2a: Groudon|0 fnt
|faint|p2a: Groudon
|-weather|none
|
|win|Galactic Nebula
