|init|battle
|title|frankie_waffles vs. The Yeet King
|j|☆frankie_waffles
|j|☆The Yeet King
|player|p1|frankie_waffles|293
|player|p2|The Yeet King|156
|teamsize|p1|6
|teamsize|p2|6
|gametype|singles
|gen|7
|tier|[Gen 7] UU
|rated|
|rule|Sleep Clause Mod: Limit one foe put to sleep
|rule|Species Clause: Limit one of each Pokémon
|rule|OHKO Clause: OHKO moves are banned
|rule|Moody Clause: Moody is banned
|rule|Evasion Moves Clause: Evasion moves are banned
|rule|Endless Battle Clause: Forcing endless battles is banned
|rule|HP Percentage Mod: HP is shown in percentages
|clearpoke
|poke|p1|Cobalion|item
|poke|p1|Absol, F|item
|poke|p1|Togekiss, M|item
|poke|p1|Marowak-Alola, M|item
|poke|p1|Goodra, M|item
|poke|p1|Primarina, M|item
|poke|p2|Diancie|item
|poke|p2|Scizor, M|item
|poke|p2|Magneton|item
|poke|p2|Hydreigon, F|item
|poke|p2|Krookodile, M|item
|poke|p2|Gengar, F|item
|teampreview
|
|start
|switch|p1a: Shadow|Absol, F|100/100
|switch|p2a: crocs with socks|Krookodile, M|100/100
|-ability|p2a: crocs with socks|Intimidate|boost
|-unboost|p1a: Shadow|atk|1
|-ability|p1a: Shadow|Pressure
|turn|1
|inactive|Battle timer is ON: inactive players will automatically lose when time's up. (requested by frankie_waffles)
|
|detailschange|p1a: Shadow|Absol-Mega, F
|-mega|p1a: Shadow|Absol|Absolite
|move|p1a: Shadow|Knock Off|p2a: crocs with socks
|-resisted|p2a: crocs with socks
|-damage|p2a: crocs with socks|84/100
|move|p2a: crocs with socks|Knock Off|p1a: Shadow
|-resisted|p1a: Shadow
|-damage|p1a: Shadow|69/100
|
|upkeep
|turn|2
|
|switch|p1a: Nitro|Togekiss, M|100/100
|move|p2a: crocs with socks|Knock Off|p1a: Nitro
|-resisted|p1a: Nitro
|-damage|p1a: Nitro|73/100
|-enditem|p1a: Nitro|Choice Scarf|[from] move: Knock Off|[of] p2a: crocs with socks
|
|upkeep
|turn|3
|
|switch|p2a: magic houdini|Magneton|100/100
|move|p1a: Nitro|Dazzling Gleam|p2a: magic houdini
|-resisted|p2a: magic houdini
|-damage|p2a: magic houdini|66/100
|
|upkeep
|turn|4
|
|move|p2a: magic houdini|Volt Switch|p1a: Nitro
|-supereffective|p1a: Nitro
|-damage|p1a: Nitro|12/100
|
|switch|p2a: crocs with socks|Krookodile, M|84/100
|-ability|p2a: crocs with socks|Intimidate|boost
|-unboost|p1a: Nitro|atk|1
|move|p1a: Nitro|Air Slash|p2a: crocs with socks
|-damage|p2a: crocs with socks|30/100
|
|upkeep
|turn|5
|
|move|p2a: crocs with socks|Knock Off|p1a: Nitro
|-resisted|p1a: Nitro
|-damage|p1a: Nitro|0 fnt
|faint|p1a: Nitro
|
|upkeep
|
|switch|p1a: Shadow|Absol-Mega, F|69/100
|turn|6
|
|move|p1a: Shadow|Superpower|p2a: crocs with socks
|-supereffective|p2a: crocs with socks
|-damage|p2a: crocs with socks|0 fnt
|-unboost|p1a: Shadow|atk|1
|-unboost|p1a: Shadow|def|1
|faint|p2a: crocs with socks
|
|upkeep
|
|switch|p2a: B O N E L E S S|Diancie|100/100
|turn|7
|
|switch|p1a: Raptorus|Marowak-Alola, M, shiny|100/100
|detailschange|p2a: B O N E L E S S|Diancie-Mega
|-mega|p2a: B O N E L E S S|Diancie|Diancite
|move|p2a: B O N E L E S S|Moonblast|p1a: Raptorus
|-resisted|p1a: Raptorus
|-damage|p1a: Raptorus|57/100
|
|upkeep
|turn|8

|
|move|p2a: B O N E L E S S|Diamond Storm|p1a: Raptorus
|-supereffective|p1a: Raptorus
|-damage|p1a: Raptorus|0 fnt
|faint|p1a: Raptorus
|
|upkeep

|
|switch|p1a: Primarina|Primarina, M|100/100
|turn|9

|inactive|The Yeet King has 135 seconds left.

|
|switch|p2a: magic houdini|Magneton|66/100
|move|p1a: Primarina|Scald|p2a: magic houdini
|-damage|p2a: magic houdini|0 fnt
|faint|p2a: magic houdini
|
|upkeep

|
|switch|p2a: shiny clefairy|Gengar, F|100/100
|turn|10

|
|move|p2a: shiny clefairy|Sludge Wave|p1a: Primarina
|-supereffective|p1a: Primarina
|-damage|p1a: Primarina|3/100
|move|p1a: Primarina|Scald|p2a: shiny clefairy
|-damage|p2a: shiny clefairy|0 fnt
|faint|p2a: shiny clefairy
|
|upkeep

|
|switch|p2a: Scizor|Scizor, M|100/100
|turn|11

|
|move|p2a: Scizor|Bullet Punch|p1a: Primarina
|-damage|p1a: Primarina|0 fnt
|-damage|p2a: Scizor|91/100|[from] item: Life Orb
|faint|p1a: Primarina
|
|upkeep

|
|switch|p1a: Goober|Goodra, M|100/100
|turn|12

|inactive|The Yeet King has 135 seconds left.

|inactive|The Yeet King has 120 seconds left.

|inactive|The Yeet King has 105 seconds left.

|inactive|The Yeet King has 90 seconds left.

|inactive|The Yeet King has 75 seconds left.

|inactive|The Yeet King has 60 seconds left.

|inactive|The Yeet King has 45 seconds left.

|inactive|The Yeet King has 30 seconds left.

|
|move|p2a: Scizor|Bullet Punch|p1a: Goober
|-damage|p1a: Goober|39/100
|-ability|p1a: Goober|Gooey
|-unboost|p2a: Scizor|spe|1
|-damage|p2a: Scizor|81/100|[from] item: Life Orb
|move|p1a: Goober|Flamethrower|p2a: Scizor
|-supereffective|p2a: Scizor
|-damage|p2a: Scizor|0 fnt
|faint|p2a: Scizor
|
|upkeep

|
|switch|p2a: B O N E L E S S|Diancie-Mega|100/100
|turn|13

|inactive|frankie_waffles has 135 seconds left.

|
|move|p2a: B O N E L E S S|Moonblast|p1a: Goober
|-supereffective|p1a: Goober
|-damage|p1a: Goober|0 fnt
|faint|p1a: Goober
|
|upkeep

|
|switch|p1a: Athos|Cobalion|100/100
|turn|14

|inactive|The Yeet King has 135 seconds left.

|
|move|p2a: B O N E L E S S|Earth Power|p1a: Athos
|-supereffective|p1a: Athos
|-damage|p1a: Athos|0 fnt
|faint|p1a: Athos
|
|upkeep

|l|☆frankie_waffles

|inactive|frankie_waffles disconnected and has a minute to reconnect!

|player|p1|
|inactive|frankie_waffles has 20 seconds to reconnect!

|inactive|frankie_waffles has 15 seconds to reconnect!

|inactive|frankie_waffles has 10 seconds to reconnect!

|inactive|frankie_waffles has 5 seconds to reconnect!

|-message|frankie_waffles lost due to inactivity.
|
|win|The Yeet King
