|init|battle
|title|luluciole vs. The Yeet King
|j|☆luluciole
|j|☆The Yeet King
|player|p1|luluciole|170
|player|p2|The Yeet King|156
|teamsize|p1|6
|teamsize|p2|3
|gametype|singles
|gen|7
|tier|[Gen 7] UU
|rated|
|rule|Sleep Clause Mod: Limit one foe put to sleep
|rule|Species Clause: Limit one of each Pokémon
|rule|OHKO Clause: OHKO moves are banned
|rule|Moody Clause: Moody is banned
|rule|Evasion Moves Clause: Evasion moves are banned
|rule|Endless Battle Clause: Forcing endless battles is banned
|rule|HP Percentage Mod: HP is shown in percentages
|clearpoke
|poke|p1|Stakataka|item
|poke|p1|Cresselia, F|item
|poke|p1|Seismitoad, F|item
|poke|p1|Infernape, F|item
|poke|p1|Blissey, F|item
|poke|p1|Alomomola, M|item
|poke|p2|Diancie|item
|poke|p2|Scizor, F|item
|poke|p2|Magneton|item
|teampreview
|
|start
|switch|p1a: Cresselia|Cresselia, F|100/100
|switch|p2a: super bug|Scizor, F|100/100
|turn|1

|j| Ryujin35

|inactive|Battle timer is ON: inactive players will automatically lose when time's up. (requested by luluciole)

|
|switch|p1a: Infernape|Infernape, F|100/100
|move|p2a: super bug|U-turn|p1a: Infernape
|-resisted|p1a: Infernape
|-damage|p1a: Infernape|76/100

|
|switch|p2a: one broken boi|Diancie|100/100
|
|upkeep
|turn|2

|j| Moltracer∩

|j| Smallsmallrose

|j| KlarC

|
|detailschange|p2a: one broken boi|Diancie-Mega
|-mega|p2a: one broken boi|Diancie|Diancite
|move|p1a: Infernape|Close Combat|p2a: one broken boi
|-damage|p2a: one broken boi|24/100
|-unboost|p1a: Infernape|def|1
|-unboost|p1a: Infernape|spd|1
|move|p2a: one broken boi|Psychic|p1a: Infernape
|-supereffective|p1a: Infernape
|-damage|p1a: Infernape|0 fnt
|faint|p1a: Infernape
|
|upkeep

|c|☆The Yeet King|this better work

|j| itsjustdrewシ

|c| Moltracer∩|this doesnt count he has a blissey

|c| Moltracer∩|thats illegal

|c|☆The Yeet King|fuck off ape shit

|inactive|luluciole has 135 seconds left.

|j| Siatam

|c| Ryujin35|lmao

|
|switch|p1a: Stakataka|Stakataka|100/100
|turn|3

|l| itsjustdrewシ

|c| Moltracer∩|the thing is

|
|move|p2a: one broken boi|Earth Power|p1a: Stakataka
|-supereffective|p1a: Stakataka
|-damage|p1a: Stakataka|0 fnt
|faint|p1a: Stakataka
|
|upkeep

|c| Moltracer∩|if you are sd life orb scizor

|c| Moltracer∩|you actually win

|
|switch|p1a: Cresselia|Cresselia, F|100/100
|turn|4

|c|☆The Yeet King|he literally picked stakataka

|c|☆The Yeet King|what a fucking loser

|
|switch|p2a: super bug|Scizor, F|100/100
|move|p1a: Cresselia|Moonblast|p2a: super bug
|-resisted|p2a: super bug
|-damage|p2a: super bug|91/100
|
|upkeep
|turn|5

|c| Moltracer∩|what set are you on scizor

|c|☆The Yeet King|not telling you

|
|switch|p1a: Seismitoad|Seismitoad, F|100/100
|move|p2a: super bug|Knock Off|p1a: Seismitoad
|-damage|p1a: Seismitoad|42/100
|-enditem|p1a: Seismitoad|Leftovers|[from] move: Knock Off|[of] p2a: super bug
|
|upkeep
|turn|6

|c| Smallsmallrose|He put band

|c| Moltracer∩|band

|c| Ryujin35|^

|c| Moltracer∩|you have a chance

|c|☆The Yeet King|its strong as fuck though

|inactive|luluciole has 135 seconds left.

|c|☆luluciole|Mega diancie is over use nah ?

|
|move|p1a: Seismitoad|Earth Power|p2a: super bug
|-damage|p2a: super bug|52/100
|move|p2a: super bug|Knock Off|p1a: Seismitoad
|-damage|p1a: Seismitoad|0 fnt
|faint|p1a: Seismitoad
|
|upkeep

|c| Smallsmallrose|No its UU

|c|☆The Yeet King|well this is UU so take your guess?

|c| Siatam|for now

|
|switch|p1a: Alomomola|Alomomola, M|100/100
|turn|7

|c| Ryujin35|soon to be ou lmao

|
|move|p2a: super bug|Knock Off|p1a: Alomomola
|-damage|p1a: Alomomola|56/100
|-enditem|p1a: Alomomola|Leftovers|[from] move: Knock Off|[of] p2a: super bug
|move|p1a: Alomomola|Mirror Coat|p2a: super bug
|-fail|p2a: super bug
|
|upkeep
|turn|8

|c| Siatam|uubl*

|
|switch|p2a: magic houdini|Magneton|100/100
|move|p1a: Alomomola|Scald|p2a: magic houdini
|-damage|p2a: magic houdini|74/100
|
|upkeep
|turn|9

|c| KlarC|Yea hydrei be good on this team yeet king

|
|switch|p1a: Blissey|Blissey, F|100/100
|move|p2a: magic houdini|Volt Switch|p1a: Blissey
|-damage|p1a: Blissey|89/100

|
|switch|p2a: super bug|Scizor, F|52/100
|
|-heal|p1a: Blissey|95/100|[from] item: Leftovers
|upkeep
|turn|10

|
|move|p2a: super bug|Knock Off|p1a: Blissey
|-damage|p1a: Blissey|47/100
|-enditem|p1a: Blissey|Leftovers|[from] move: Knock Off|[of] p2a: super bug
|move|p1a: Blissey|Seismic Toss|p2a: super bug
|-damage|p2a: super bug|22/100
|
|upkeep
|turn|11

|c|☆The Yeet King|holy shit this is easier than I thought

|c| Ryujin35|idk the ou meta i just know m diancie doesnt belong here

|
|move|p2a: super bug|Knock Off|p1a: Blissey
|-damage|p1a: Blissey|15/100
|move|p1a: Blissey|Seismic Toss|p2a: super bug
|-damage|p2a: super bug|0 fnt
|faint|p2a: super bug
|
|upkeep

|
|switch|p2a: one broken boi|Diancie-Mega|24/100
|turn|12

|c| Moltracer∩|gg

|
|move|p2a: one broken boi|Diamond Storm|p1a: Blissey
|-damage|p1a: Blissey|0 fnt
|-boost|p2a: one broken boi|def|2
|faint|p1a: Blissey
|
|upkeep

|
|switch|p1a: Cresselia|Cresselia, F|100/100
|turn|13

|c|☆The Yeet King|my defense rose sharply?

|c| Ryujin35|ye

|inactive|The Yeet King has 135 seconds left.

|c| Moltracer∩|type !dt diamond storm in chat

|c|☆The Yeet King|more like my peen rose sharply

|c| Smallsmallrose|Diamond Storm has that added eff

|c| Moltracer∩|nice

|
|move|p2a: one broken boi|Moonblast|p1a: Cresselia
|-damage|p1a: Cresselia|67/100
|move|p1a: Cresselia|Trick Room|p1a: Cresselia
|-fieldstart|move: Trick Room|[of] p1a: Cresselia
|
|-heal|p1a: Cresselia|73/100|[from] item: Leftovers
|upkeep
|turn|14

|c| Moltracer∩|uh

|
|move|p1a: Cresselia|Moonlight|p1a: Cresselia
|-heal|p1a: Cresselia|100/100
|move|p2a: one broken boi|Moonblast|p1a: Cresselia
|-damage|p1a: Cresselia|66/100
|
|-heal|p1a: Cresselia|72/100|[from] item: Leftovers
|upkeep
|turn|15

|c| Moltracer∩|click diamond storm

|
|move|p1a: Cresselia|Moonblast|p2a: one broken boi
|-damage|p2a: one broken boi|2/100
|move|p2a: one broken boi|Diamond Storm|p1a: Cresselia
|-damage|p1a: Cresselia|45/100
|
|-heal|p1a: Cresselia|51/100|[from] item: Leftovers
|upkeep
|turn|16

|c|☆The Yeet King|alright

|c| Moltracer∩|rip

|c|☆The Yeet King|wow you cheated me Moltracer

|c| Smallsmallrose|Should have saved Sciz

|c|☆The Yeet King|it hits weaker than moonblast

|inactive|The Yeet King has 135 seconds left.

|c| Moltracer∩|i blame you for putting a band on scizor

|c|☆The Yeet King|youre literally ass

|
|move|p1a: Cresselia|Moonblast|p2a: one broken boi
|-damage|p2a: one broken boi|0 fnt
|faint|p2a: one broken boi
|
|-heal|p1a: Cresselia|57/100|[from] item: Leftovers
|upkeep

|c| Moltracer∩|should have been sd life orb

|
|switch|p2a: magic houdini|Magneton|74/100
|turn|17

|c| Moltracer∩|smh

|c| Smallsmallrose|You needed Sciz to kill this

|c|☆The Yeet King|smh my head

|
|move|p1a: Cresselia|Moonlight|p1a: Cresselia
|-heal|p1a: Cresselia|100/100
|move|p2a: magic houdini|Thunderbolt|p1a: Cresselia
|-damage|p1a: Cresselia|77/100
|
|-heal|p1a: Cresselia|83/100|[from] item: Leftovers
|-fieldend|move: Trick Room
|upkeep
|turn|18

|c| Smallsmallrose|Blame the player not the team

|c| Smallsmallrose|smh

|c|☆The Yeet King|yo this nibba stalling me

|c| Moltracer∩|but

|c| Moltracer∩|its the team

|
|move|p2a: magic houdini|Thunderbolt|p1a: Cresselia
|-damage|p1a: Cresselia|60/100
|move|p1a: Cresselia|Trick Room|p1a: Cresselia
|-fieldstart|move: Trick Room|[of] p1a: Cresselia
|
|-heal|p1a: Cresselia|66/100|[from] item: Leftovers
|upkeep
|turn|19

|c| Moltracer∩|that lost

|
|move|p1a: Cresselia|Moonblast|p2a: magic houdini
|-resisted|p2a: magic houdini
|-damage|p2a: magic houdini|58/100
|move|p2a: magic houdini|Thunderbolt|p1a: Cresselia
|-damage|p1a: Cresselia|41/100
|
|-heal|p1a: Cresselia|47/100|[from] item: Leftovers
|upkeep
|turn|20

|c| Moltracer∩|sd scizor 6-0d

|c| Moltracer∩|luluciole

|c| Moltracer∩|listen

|c| Moltracer∩|dont recover

|c|☆The Yeet King|look this fucker better not fucking me up

|
|move|p1a: Cresselia|Moonlight|p1a: Cresselia
|-heal|p1a: Cresselia|97/100
|move|p2a: magic houdini|Thunderbolt|p1a: Cresselia
|-crit|p1a: Cresselia
|-damage|p1a: Cresselia|62/100
|
|-heal|p1a: Cresselia|68/100|[from] item: Leftovers
|upkeep
|turn|21

|c| Moltracer∩|lame

|
|move|p1a: Cresselia|Moonblast|p2a: magic houdini
|-resisted|p2a: magic houdini
|-damage|p2a: magic houdini|42/100
|move|p2a: magic houdini|Thunderbolt|p1a: Cresselia
|-damage|p1a: Cresselia|41/100
|
|-heal|p1a: Cresselia|47/100|[from] item: Leftovers
|upkeep
|turn|22

|c| Moltracer∩|wait

|c|☆The Yeet King|watch me crit you to death loser

|c| Moltracer∩|he might not have enough moonlights

|c| Moltracer∩|you have a chance

|c|☆The Yeet King|also why arent u getting paralyzed already

|
|move|p1a: Cresselia|Moonlight|p1a: Cresselia
|-heal|p1a: Cresselia|97/100
|move|p2a: magic houdini|Thunderbolt|p1a: Cresselia
|-damage|p1a: Cresselia|70/100
|
|-heal|p1a: Cresselia|76/100|[from] item: Leftovers
|-fieldend|move: Trick Room
|upkeep
|turn|23

|
|move|p2a: magic houdini|Thunderbolt|p1a: Cresselia
|-damage|p1a: Cresselia|53/100
|move|p1a: Cresselia|Moonblast|p2a: magic houdini
|-resisted|p2a: magic houdini
|-damage|p2a: magic houdini|25/100
|
|-heal|p1a: Cresselia|59/100|[from] item: Leftovers
|upkeep
|turn|24

|c| Moltracer∩|crit para here

|
|move|p2a: magic houdini|Thunderbolt|p1a: Cresselia
|-damage|p1a: Cresselia|32/100
|move|p1a: Cresselia|Trick Room|p1a: Cresselia
|-fieldstart|move: Trick Room|[of] p1a: Cresselia
|
|-heal|p1a: Cresselia|38/100|[from] item: Leftovers
|upkeep
|turn|25

|c|☆The Yeet King|luluciole click X please

|
|move|p1a: Cresselia|Moonblast|p2a: magic houdini
|-resisted|p2a: magic houdini
|-damage|p2a: magic houdini|9/100
|move|p2a: magic houdini|Thunderbolt|p1a: Cresselia
|-damage|p1a: Cresselia|14/100
|
|-heal|p1a: Cresselia|20/100|[from] item: Leftovers
|upkeep
|turn|26

|c|☆The Yeet King|fucker

|c| Ryujin35|you def could have won if you got parahax tho

|
|move|p1a: Cresselia|Moonblast|p2a: magic houdini
|-resisted|p2a: magic houdini
|-damage|p2a: magic houdini|0 fnt
|faint|p2a: magic houdini
|
|win|luluciole
