|init|battle
|title|Nuzboa vs. The Yeet King
|j|☆Nuzboa
|j|☆The Yeet King
|player|p1|Nuzboa|30
|player|p2|The Yeet King|156
|teamsize|p1|6
|teamsize|p2|6
|gametype|singles
|gen|7
|tier|[Gen 7] Anything Goes
|rule|Endless Battle Clause: Forcing endless battles is banned
|clearpoke
|poke|p1|Kyurem-White|item
|poke|p1|Venusaur, M|item
|poke|p1|Mismagius, F|item
|poke|p1|Rotom-Wash|item
|poke|p1|Victini|item
|poke|p1|Clefable, M|item
|poke|p2|Deoxys-Attack|item
|poke|p2|Tapu Fini|item
|poke|p2|Charizard, F|item
|poke|p2|Xurkitree|item
|poke|p2|Crobat, F|item
|poke|p2|Galvantula, M|item
|rule|HP Percentage Mod: HP is shown in percentages
|teampreview
|
|start
|switch|p1a: Victini|Victini|100/100
|switch|p2a: Galvantula|Galvantula, M|100/100
|turn|1
|
|move|p1a: Victini|V-create|p2a: Galvantula
|-supereffective|p2a: Galvantula
|-enditem|p2a: Galvantula|Focus Sash
|-damage|p2a: Galvantula|1/100
|-unboost|p1a: Victini|spe|1
|-unboost|p1a: Victini|def|1
|-unboost|p1a: Victini|spd|1
|move|p2a: Galvantula|Sticky Web|p1a: Victini
|-sidestart|p1: Nuzboa|move: Sticky Web
|
|upkeep
|turn|2
|
|move|p2a: Galvantula|Thunder|p1a: Victini
|-damage|p1a: Victini|34/100
|-status|p1a: Victini|par
|cant|p1a: Victini|par
|
|upkeep
|turn|3
|c|☆The Yeet King|bad luck
|
|move|p2a: Galvantula|Bug Buzz|p1a: Victini
|-damage|p1a: Victini|0 fnt
|faint|p1a: Victini
|
|upkeep
|c|☆Nuzboa|awful luck

|
|switch|p1a: Rotom|Rotom-Wash|100/100
|turn|4

|
|move|p2a: Galvantula|Energy Ball|p1a: Rotom
|-supereffective|p1a: Rotom
|-damage|p1a: Rotom|44/100
|move|p1a: Rotom|Volt Switch|p2a: Galvantula
|-resisted|p2a: Galvantula
|-damage|p2a: Galvantula|0 fnt
|faint|p2a: Galvantula

|
|switch|p1a: Clefable|Clefable, M|100/100
|-activate|p1a: Clefable|move: Sticky Web
|-unboost|p1a: Clefable|spe|1
|
|upkeep

|
|switch|p2a: Deoxys|Deoxys-Attack|100/100
|-ability|p2a: Deoxys|Pressure
|turn|5

|
|move|p2a: Deoxys|Psycho Boost|p1a: Clefable
|-damage|p1a: Clefable|29/100
|-unboost|p2a: Deoxys|spa|2
|move|p1a: Clefable|Moonblast|p2a: Deoxys
|-damage|p2a: Deoxys|0 fnt
|faint|p2a: Deoxys
|
|upkeep

|
|switch|p2a: Xurkitree|Xurkitree|100/100
|turn|6

|
|move|p1a: Clefable|Protect|p1a: Clefable
|-singleturn|p1a: Clefable|Protect
|-zpower|p2a: Xurkitree
|move|p2a: Xurkitree|Z-Hypnosis|p1a: Clefable|[anim]Hypnosis
|-boost|p2a: Xurkitree|spe|1|[zeffect]
|-activate|p1a: Clefable|move: Protect
|
|upkeep
|turn|7

|
|move|p2a: Xurkitree|Hypnosis|p1a: Clefable|[miss]
|-miss|p2a: Xurkitree|p1a: Clefable
|move|p1a: Clefable|Moonblast|p2a: Xurkitree
|-damage|p2a: Xurkitree|63/100
|
|upkeep
|turn|8

|
|switch|p1a: Rotom|Rotom-Wash|44/100
|move|p2a: Xurkitree|Hypnosis|p1a: Rotom
|-status|p1a: Rotom|slp
|
|upkeep
|turn|9

|
|move|p2a: Xurkitree|Tail Glow|p2a: Xurkitree
|-boost|p2a: Xurkitree|spa|3
|cant|p1a: Rotom|slp
|
|upkeep
|turn|10

|c|☆Nuzboa|Xurk gets tail glow?

|c|☆The Yeet King|yup

|
|switch|p1a: Venusaur|Venusaur, M|100/100
|-activate|p1a: Venusaur|move: Sticky Web
|-unboost|p1a: Venusaur|spe|1
|move|p2a: Xurkitree|Thunderbolt|p1a: Venusaur
|-resisted|p1a: Venusaur
|-damage|p1a: Venusaur|43/100
|
|upkeep
|turn|11

|
|detailschange|p1a: Venusaur|Venusaur-Mega, M
|-mega|p1a: Venusaur|Venusaur|Venusaurite
|move|p2a: Xurkitree|Thunderbolt|p1a: Venusaur
|-resisted|p1a: Venusaur
|-damage|p1a: Venusaur|0 fnt
|faint|p1a: Venusaur
|-ability|p2a: Xurkitree|Beast Boost|boost
|-boost|p2a: Xurkitree|spa|1
|
|upkeep

|
|switch|p1a: Mismagius|Mismagius, F|100/100
|turn|12

|c|☆The Yeet King|why the fuck would u do that

|c|☆Nuzboa|i thought he could tankn

|c|☆The Yeet King|bro dont "think" you can do that

|c|☆The Yeet King|use pokecalc

|
|move|p1a: Mismagius|Toxic|p2a: Xurkitree
|-status|p2a: Xurkitree|tox
|move|p2a: Xurkitree|Thunderbolt|p1a: Mismagius
|-enditem|p1a: Mismagius|Focus Sash
|-damage|p1a: Mismagius|1/100
|
|-damage|p2a: Xurkitree|57/100 tox|[from] psn
|upkeep
|turn|13

|
|move|p1a: Mismagius|Shadow Ball|p2a: Xurkitree
|-damage|p2a: Xurkitree|10/100 tox
|move|p2a: Xurkitree|Thunderbolt|p1a: Mismagius
|-damage|p1a: Mismagius|0 fnt
|faint|p1a: Mismagius
|-ability|p2a: Xurkitree|Beast Boost|boost
|-boost|p2a: Xurkitree|spa|1
|
|-damage|p2a: Xurkitree|0 fnt|[from] psn
|upkeep
|faint|p2a: Xurkitree

|c|☆The Yeet King|faster than me?

|c|☆The Yeet King|how

|c|☆Nuzboa|scarf

|c|☆Nuzboa|actually its focus

|c|☆Nuzboa|but max speed

|c|☆Nuzboa|timid

|
|switch|p1a: Rotom|Rotom-Wash|44/100 slp
|switch|p2a: Tapu Fini|Tapu Fini|100/100
|-fieldstart|move: Misty Terrain|[from] ability: Misty Surge|[of] p2a: Tapu Fini
|turn|14

|c|☆The Yeet King|dont pick rotom wtf

|c|☆The Yeet King|if  I sent it zard x

|c|☆The Yeet King|i wouldve set up in your face

|
|switch|p2a: Charizard|Charizard, F|100/100
|cant|p1a: Rotom|slp
|
|upkeep
|turn|15

|c|☆The Yeet King|actually im doing that

|c|☆Nuzboa|You already set up in front of clefable

|c|☆The Yeet King|why would you NOT pick kyu w

|c|☆The Yeet King|i didnt

|c|☆The Yeet King|switch to clef

|c|☆Nuzboa|you can just not mega and i do 30%

|c|☆Nuzboa|i might have to scarf kyu

|c|☆Nuzboa|just to be faster than base charizard X

|
|detailschange|p2a: Charizard|Charizard-Mega-X, F
|-mega|p2a: Charizard|Charizard|Charizardite X
|move|p2a: Charizard|Dragon Dance|p2a: Charizard
|-boost|p2a: Charizard|atk|1
|-boost|p2a: Charizard|spe|1
|cant|p1a: Rotom|slp
|
|upkeep
|turn|16

|c|☆The Yeet King|bro

|c|☆The Yeet King|switch out

|c|☆The Yeet King|youre never winning this way

|
|switch|p1a: Clefable|Clefable, M|29/100
|-activate|p1a: Clefable|move: Sticky Web
|-unboost|p1a: Clefable|spe|1
|move|p2a: Charizard|Dragon Claw|p1a: Clefable
|-immune|p1a: Clefable|[msg]
|
|upkeep
|turn|17

|
|move|p2a: Charizard|Flare Blitz|p1a: Clefable
|-damage|p1a: Clefable|0 fnt
|-damage|p2a: Charizard|88/100|[from] Recoil
|faint|p1a: Clefable
|
|upkeep

|c|☆Nuzboa|clefable was dead even if she switched earlier

|
|switch|p1a: Rotom|Rotom-Wash|44/100 slp
|turn|18

|c|☆Nuzboa|Rotom has Iappa

|c|☆Nuzboa|i can at least try if you choose not to set up

|
|move|p2a: Charizard|Dragon Claw|p1a: Rotom
|-damage|p1a: Rotom|0 fnt
|faint|p1a: Rotom
|
|-fieldend|Misty Terrain
|upkeep

|c|☆The Yeet King|bro youre making shitty plays

|c|☆The Yeet King|use pokecalc

|c|☆The Yeet King|try to predict your opponent

|c|☆Nuzboa|Kyu and clefable are dead on arrival anyway

|c|☆The Yeet King|your team isnt so bad

|c|☆The Yeet King|try to keep them safe

|c|☆Nuzboa|alright lets try this again

|
|switch|p1a: Kyurem|Kyurem-White|100/100
|-activate|p1a: Kyurem|move: Sticky Web
|-unboost|p1a: Kyurem|spe|1
|-ability|p1a: Kyurem|Turboblaze
|turn|19

|c|☆The Yeet King|play more with mega venu victini and mismagius

|
|move|p2a: Charizard|Dragon Claw|p1a: Kyurem
|-supereffective|p1a: Kyurem
|-damage|p1a: Kyurem|0 fnt
|faint|p1a: Kyurem
|
|win|The Yeet King
