|init|battle
|title|The Yeet King vs. littleray
|j|☆The Yeet King
|j|☆littleray
|player|p1|The Yeet King|156
|player|p2|littleray|102
|teamsize|p1|6
|teamsize|p2|6
|gametype|singles
|gen|7
|tier|[Gen 7] Ubers
|rated|
|rule|Sleep Clause Mod: Limit one foe put to sleep
|rule|Species Clause: Limit one of each Pokémon
|rule|OHKO Clause: OHKO moves are banned
|rule|Moody Clause: Moody is banned
|rule|Evasion Moves Clause: Evasion moves are banned
|rule|Endless Battle Clause: Forcing endless battles is banned
|rule|HP Percentage Mod: HP is shown in percentages
|clearpoke
|poke|p1|Marshadow|item
|poke|p1|Necrozma-Dusk-Mane|item
|poke|p1|Arceus-*|item
|poke|p1|Salamence, F|item
|poke|p1|Groudon|item
|poke|p1|Darkrai|item
|poke|p2|Kyogre|item
|poke|p2|Gengar, M|item
|poke|p2|Dugtrio, M|item
|poke|p2|Yveltal|item
|poke|p2|Xerneas|item
|poke|p2|Excadrill, M|item
|rule|Mega Rayquaza Clause: You cannot mega evolve Rayquaza
|teampreview
|inactive|Battle timer is ON: inactive players will automatically lose when time's up. (requested by The Yeet King)
|inactive|littleray also wants the timer to be on.
|inactive|littleray has 135 seconds left.
|
|start
|switch|p1a: Mega Silvally|Arceus-Water|100/100
|switch|p2a: Dugtrio|Dugtrio, M|100/100
|turn|1
|inactive|The Yeet King has 135 seconds left.
|
|switch|p2a: Kyogre|Kyogre, shiny|100/100
|-weather|RainDance|[from] ability: Drizzle|[of] p2a: Kyogre
|move|p1a: Mega Silvally|Stealth Rock|p2a: Kyogre
|-sidestart|p2: littleray|move: Stealth Rock
|
|-weather|RainDance|[upkeep]
|upkeep
|turn|2
|
|switch|p2a: Dugtrio|Dugtrio, M|100/100
|-damage|p2a: Dugtrio|94/100|[from] Stealth Rock
|move|p1a: Mega Silvally|Toxic|p2a: Dugtrio
|-status|p2a: Dugtrio|tox
|
|-weather|RainDance|[upkeep]
|-damage|p2a: Dugtrio|88/100 tox|[from] psn
|upkeep
|turn|3
|
|switch|p2a: Kyogre|Kyogre, shiny|100/100
|-damage|p2a: Kyogre|88/100|[from] Stealth Rock
|move|p1a: Mega Silvally|Judgment|p2a: Kyogre
|-resisted|p2a: Kyogre
|-damage|p2a: Kyogre|61/100
|
|-weather|RainDance|[upkeep]
|upkeep
|turn|4
|
|move|p2a: Kyogre|Thunder|p1a: Mega Silvally
|-supereffective|p1a: Mega Silvally
|-damage|p1a: Mega Silvally|39/100
|move|p1a: Mega Silvally|Toxic|p2a: Kyogre
|-status|p2a: Kyogre|tox
|
|-weather|RainDance|[upkeep]
|-damage|p2a: Kyogre|55/100 tox|[from] psn
|upkeep
|turn|5
|
|move|p2a: Kyogre|Thunder|p1a: Mega Silvally
|-supereffective|p1a: Mega Silvally
|-damage|p1a: Mega Silvally|0 fnt
|faint|p1a: Mega Silvally
|
|-weather|none
|-damage|p2a: Kyogre|43/100 tox|[from] psn
|upkeep
|
|switch|p1a: pee-don|Groudon|100/100
|detailschange|p1a: pee-don|Groudon-Primal
|-primal|p1a: pee-don
|-weather|DesolateLand|[from] ability: Desolate Land|[of] p1a: pee-don
|turn|6
|
|switch|p2a: Yveltal|Yveltal|100/100
|-damage|p2a: Yveltal|76/100|[from] Stealth Rock
|-ability|p2a: Yveltal|Dark Aura
|-weather|none
|switch|p1a: Negrosma|Necrozma-Dusk-Mane|100/100
|
|upkeep
|turn|7
|
|move|p2a: Yveltal|Foul Play|p1a: Negrosma
|-supereffective|p1a: Negrosma
|-damage|p1a: Negrosma|0 fnt
|faint|p1a: Negrosma
|
|upkeep

|
|switch|p1a: Croissant|Salamence, F|100/100
|-ability|p1a: Croissant|Intimidate|boost
|-unboost|p2a: Yveltal|atk|1
|turn|8

|
|detailschange|p1a: Croissant|Salamence-Mega, F
|-mega|p1a: Croissant|Salamence|Salamencite
|move|p2a: Yveltal|Foul Play|p1a: Croissant
|-damage|p1a: Croissant|40/100
|move|p1a: Croissant|Dragon Dance|p1a: Croissant
|-boost|p1a: Croissant|atk|1
|-boost|p1a: Croissant|spe|1
|
|upkeep
|turn|9

|
|move|p1a: Croissant|Return|p2a: Yveltal
|-damage|p2a: Yveltal|0 fnt
|faint|p2a: Yveltal
|
|upkeep

|
|switch|p2a: Gengar|Gengar, M|100/100
|-damage|p2a: Gengar|88/100|[from] Stealth Rock
|turn|10

|
|move|p1a: Croissant|Return|p2a: Gengar
|-damage|p2a: Gengar|0 fnt
|faint|p2a: Gengar
|
|upkeep

|
|switch|p2a: Kyogre|Kyogre, shiny|43/100 tox
|-damage|p2a: Kyogre|31/100 tox|[from] Stealth Rock
|-weather|RainDance|[from] ability: Drizzle|[of] p2a: Kyogre
|turn|11

|
|move|p1a: Croissant|Return|p2a: Kyogre
|-damage|p2a: Kyogre|0 fnt
|faint|p2a: Kyogre
|
|-weather|RainDance|[upkeep]
|upkeep

|-message|littleray forfeited.

|
|win|The Yeet King
