|init|battle
|title|Bepis69gottem vs. The Yeet King
|j|☆Bepis69gottem
|j|☆The Yeet King
|player|p1|Bepis69gottem|156
|player|p2|The Yeet King|156
|teamsize|p1|6
|teamsize|p2|6
|gametype|singles
|gen|7
|tier|[Gen 7] Ubers
|rated|
|rule|Sleep Clause Mod: Limit one foe put to sleep
|rule|Species Clause: Limit one of each Pokémon
|rule|OHKO Clause: OHKO moves are banned
|rule|Moody Clause: Moody is banned
|rule|Evasion Moves Clause: Evasion moves are banned
|rule|Endless Battle Clause: Forcing endless battles is banned
|rule|HP Percentage Mod: HP is shown in percentages
|clearpoke
|poke|p1|Garchomp, F|item
|poke|p1|Incineroar, M|item
|poke|p1|Sylveon, M|item
|poke|p1|Metagross|item
|poke|p1|Greninja, F|item
|poke|p1|Tyranitar, M|item
|poke|p2|Marshadow|item
|poke|p2|Necrozma-Dusk-Mane|item
|poke|p2|Arceus-*|item
|poke|p2|Salamence, M|item
|poke|p2|Groudon|item
|poke|p2|Darkrai|item
|rule|Mega Rayquaza Clause: You cannot mega evolve Rayquaza
|teampreview
|
|start
|switch|p1a: Tyranitar|Tyranitar, M|100/100
|switch|p2a: Mega Silvally|Arceus-Water|100/100
|-weather|Sandstorm|[from] ability: Sand Stream|[of] p1a: Tyranitar
|turn|1
|
|move|p1a: Tyranitar|Protect|p1a: Tyranitar
|-singleturn|p1a: Tyranitar|Protect
|move|p2a: Mega Silvally|Stealth Rock|p1a: Tyranitar
|-sidestart|p1: Bepis69gottem|move: Stealth Rock
|
|-weather|Sandstorm|[upkeep]
|-damage|p2a: Mega Silvally|94/100|[from] Sandstorm
|upkeep
|turn|2
|
|move|p2a: Mega Silvally|Toxic|p1a: Tyranitar
|-status|p1a: Tyranitar|tox
|move|p1a: Tyranitar|Dragon Dance|p1a: Tyranitar
|-boost|p1a: Tyranitar|atk|1
|-boost|p1a: Tyranitar|spe|1
|
|-weather|Sandstorm|[upkeep]
|-damage|p2a: Mega Silvally|88/100|[from] Sandstorm
|-damage|p1a: Tyranitar|94/100 tox|[from] psn
|upkeep
|turn|3
|
|move|p2a: Mega Silvally|Judgment|p1a: Tyranitar
|-supereffective|p1a: Tyranitar
|-damage|p1a: Tyranitar|39/100 tox
|-enditem|p1a: Tyranitar|Weakness Policy
|-boost|p1a: Tyranitar|atk|2
|-boost|p1a: Tyranitar|spa|2
|move|p1a: Tyranitar|Crunch|p2a: Mega Silvally
|-damage|p2a: Mega Silvally|18/100
|
|-weather|Sandstorm|[upkeep]
|-damage|p2a: Mega Silvally|12/100|[from] Sandstorm
|-damage|p1a: Tyranitar|27/100 tox|[from] psn
|upkeep
|turn|4

|
|move|p1a: Tyranitar|Protect|p1a: Tyranitar
|-singleturn|p1a: Tyranitar|Protect
|move|p2a: Mega Silvally|Judgment|p1a: Tyranitar
|-activate|p1a: Tyranitar|move: Protect
|
|-weather|Sandstorm|[upkeep]
|-damage|p2a: Mega Silvally|6/100|[from] Sandstorm
|-damage|p1a: Tyranitar|8/100 tox|[from] psn
|upkeep
|turn|5

|
|move|p1a: Tyranitar|Protect|p1a: Tyranitar
|-fail|p1a: Tyranitar
|move|p2a: Mega Silvally|Judgment|p1a: Tyranitar
|-supereffective|p1a: Tyranitar
|-damage|p1a: Tyranitar|0 fnt
|faint|p1a: Tyranitar
|
|-weather|none
|upkeep

|
|switch|p1a: Greninja|Greninja, F|100/100
|-damage|p1a: Greninja|88/100|[from] Stealth Rock
|turn|6

|
|move|p1a: Greninja|U-turn|p2a: Mega Silvally
|-start|p1a: Greninja|typechange|Bug|[from] Protean
|-damage|p2a: Mega Silvally|0 fnt
|faint|p2a: Mega Silvally

|
|switch|p1a: Garchomp|Garchomp, F|100/100
|-damage|p1a: Garchomp|94/100|[from] Stealth Rock
|
|upkeep

|inactive|Battle timer is ON: inactive players will automatically lose when time's up. (requested by Bepis69gottem)

|
|switch|p2a: Darkrai|Darkrai|100/100
|turn|7

|
|-zpower|p2a: Darkrai
|move|p2a: Darkrai|Z-Hypnosis|p1a: Garchomp|[anim]Hypnosis|[miss]
|-boost|p2a: Darkrai|spe|1|[zeffect]
|-miss|p2a: Darkrai|p1a: Garchomp
|move|p1a: Garchomp|Swords Dance|p1a: Garchomp
|-boost|p1a: Garchomp|atk|2
|
|upkeep
|turn|8

|
|move|p2a: Darkrai|Hypnosis|p1a: Garchomp|[miss]
|-miss|p2a: Darkrai|p1a: Garchomp
|move|p1a: Garchomp|Earthquake|p2a: Darkrai
|-damage|p2a: Darkrai|0 fnt
|faint|p2a: Darkrai
|
|upkeep

|
|switch|p2a: Marshmellow|Marshadow|100/100
|turn|9

|
|move|p2a: Marshmellow|Swagger|p1a: Garchomp
|-boost|p1a: Garchomp|atk|2
|-start|p1a: Garchomp|confusion
|-activate|p1a: Garchomp|confusion
|-damage|p1a: Garchomp|51/100|[from] confusion
|
|upkeep
|turn|10

|
|move|p2a: Marshmellow|Spectral Thief|p1a: Garchomp|[still]
|-clearpositiveboost|p1a: Garchomp|p2a: Marshmellow|move: Spectral Thief
|-boost|p2a: Marshmellow|atk|4
|-anim|p2a: Marshmellow|Spectral Thief|p1a: Garchomp
|-damage|p1a: Garchomp|0 fnt
|-damage|p2a: Marshmellow|88/100|[from] ability: Rough Skin|[of] p1a: Garchomp
|-damage|p2a: Marshmellow|72/100|[from] item: Rocky Helmet|[of] p1a: Garchomp
|faint|p1a: Garchomp
|
|upkeep

|inactive|Bepis69gottem has 135 seconds left.

|
|switch|p1a: Incineroar|Incineroar, M|100/100
|-damage|p1a: Incineroar|76/100|[from] Stealth Rock
|-ability|p1a: Incineroar|Intimidate|boost
|-unboost|p2a: Marshmellow|atk|1
|turn|11

|inactive|The Yeet King has 135 seconds left.

|
|move|p1a: Incineroar|Fake Out|p2a: Marshmellow
|-immune|p2a: Marshmellow|[msg]
|move|p2a: Marshmellow|Close Combat|p1a: Incineroar
|-supereffective|p1a: Incineroar
|-damage|p1a: Incineroar|0 fnt
|-unboost|p2a: Marshmellow|def|1
|-unboost|p2a: Marshmellow|spd|1
|-enditem|p2a: Marshmellow|White Herb
|-clearnegativeboost|p2a: Marshmellow|[silent]
|faint|p1a: Incineroar
|
|upkeep

|
|switch|p1a: Sylveon|Sylveon, M|100/100
|-damage|p1a: Sylveon|88/100|[from] Stealth Rock
|turn|12

|inactive|The Yeet King has 135 seconds left.

|
|move|p2a: Marshmellow|Spectral Thief|p1a: Sylveon
|-damage|p1a: Sylveon|0 fnt
|faint|p1a: Sylveon
|
|upkeep

|l|☆Bepis69gottem

|inactive|Bepis69gottem disconnected and has a minute to reconnect!

|player|p1|
|inactive|Bepis69gottem has 20 seconds to reconnect!

|inactive|Bepis69gottem has 15 seconds to reconnect!

|inactive|Bepis69gottem has 10 seconds to reconnect!

|inactive|Bepis69gottem has 5 seconds to reconnect!

|-message|Bepis69gottem lost due to inactivity.
|
|win|The Yeet King
