|init|battle
|title|ThunderKolia vs. LT51NP Darkred30
|j|☆ThunderKolia
|j|☆LT51NP Darkred30
|player|p1|ThunderKolia|101
|player|p2|LT51NP Darkred30|163
|teamsize|p1|6
|teamsize|p2|6
|gametype|singles
|gen|7
|tier|[Gen 7] OU
|rated|Tournament battle
|rule|Sleep Clause Mod: Limit one foe put to sleep
|rule|Species Clause: Limit one of each Pokémon
|rule|OHKO Clause: OHKO moves are banned
|rule|Moody Clause: Moody is banned
|rule|Evasion Moves Clause: Evasion moves are banned
|rule|Endless Battle Clause: Forcing endless battles is banned
|rule|HP Percentage Mod: HP is shown in percentages
|clearpoke
|poke|p1|Greninja, F|item
|poke|p1|Tapu Lele|item
|poke|p1|Landorus-Therian, M|item
|poke|p1|Mawile, M|item
|poke|p1|Zygarde|item
|poke|p1|Toxapex, F|item
|poke|p2|Latios, M|item
|poke|p2|Ferrothorn, M|item
|poke|p2|Magearna|item
|poke|p2|Greninja, M|item
|poke|p2|Zygarde|item
|poke|p2|Landorus-Therian, M|item
|teampreview
|j| Nylio
|j| The Yeet King
|inactive|Battle timer is ON: inactive players will automatically lose when time's up. (requested by ThunderKolia)
|c| The Yeet King|allez allez
|inactive|LT51NP Darkred30 has 135 seconds left.

|c|☆LT51NP Darkred30|aller qui ?

|
|start
|switch|p1a: Ninja !!!|Greninja, F|100/100
|switch|p2a: FERERRO ROCHER|Ferrothorn, M|100/100
|turn|1

|c| The Yeet King|olivier girouu

|c| The Yeet King|didier deschamps

|c| The Yeet King|zinedine zidane

|
|switch|p1a: Colosse|Mawile, M|100/100
|move|p2a: FERERRO ROCHER|Stealth Rock|p1a: Colosse
|-sidestart|p1: ThunderKolia|move: Stealth Rock
|
|upkeep
|turn|2

|
|switch|p2a: CACHOU KITTY|Landorus-Therian, M|100/100
|-ability|p2a: CACHOU KITTY|Intimidate|boost
|-fail|p1a: Colosse|unboost|Attack|[from] ability: Hyper Cutter|[of] p1a: Colosse
|detailschange|p1a: Colosse|Mawile-Mega, M
|-mega|p1a: Colosse|Mawile|Mawilite
|move|p1a: Colosse|Fire Fang|p2a: CACHOU KITTY
|-damage|p2a: CACHOU KITTY|57/100
|
|upkeep
|turn|3

|c| The Yeet King|MONSIEUR kylian mvape

|inactive|ThunderKolia has 135 seconds left.

|c|☆LT51NP Darkred30|c bon tu ma soulé

|c| The Yeet King|antoine griezzman?

|
|switch|p1a: I am a genius|Landorus-Therian, M|100/100
|-damage|p1a: I am a genius|88/100|[from] Stealth Rock
|-ability|p1a: I am a genius|Intimidate|boost
|-unboost|p2a: CACHOU KITTY|atk|1
|move|p2a: CACHOU KITTY|Earthquake|p1a: I am a genius
|-immune|p1a: I am a genius|[msg]
|
|-heal|p1a: I am a genius|94/100|[from] item: Leftovers
|upkeep
|turn|4

|c| The Yeet King|n'golo kante

|inactive|ThunderKolia has 135 seconds left.

|inactive|LT51NP Darkred30 has 135 seconds left.

|c| The Yeet King|hugo lloris

|l| Nylio

|
|switch|p2a: JACKIE RCARD|Latios, M, shiny|100/100
|move|p1a: I am a genius|Stealth Rock|p2a: JACKIE RCARD
|-sidestart|p2: LT51NP Darkred30|move: Stealth Rock
|
|-heal|p1a: I am a genius|99/100|[from] item: Leftovers
|upkeep
|turn|5

|
|switch|p1a: Ninja !!!|Greninja, F|100/100
|-damage|p1a: Ninja !!!|88/100|[from] Stealth Rock
|detailschange|p2a: JACKIE RCARD|Latios-Mega, M, shiny
|-mega|p2a: JACKIE RCARD|Latios|Latiosite
|move|p2a: JACKIE RCARD|Ice Beam|p1a: Ninja !!!
|-resisted|p1a: Ninja !!!
|-damage|p1a: Ninja !!!|55/100
|
|upkeep
|turn|6

|inactive|LT51NP Darkred30 has 135 seconds left.

|
|switch|p2a: FERERRO ROCHER|Ferrothorn, M|100/100
|-damage|p2a: FERERRO ROCHER|94/100|[from] Stealth Rock
|move|p1a: Ninja !!!|Ice Beam|p2a: FERERRO ROCHER
|-start|p1a: Ninja !!!|typechange|Ice|[from] Protean
|-damage|p2a: FERERRO ROCHER|68/100
|
|-heal|p2a: FERERRO ROCHER|74/100|[from] item: Leftovers
|upkeep
|turn|7

|
|-zpower|p1a: Ninja !!!
|move|p1a: Ninja !!!|Tectonic Rage|p2a: FERERRO ROCHER|[zeffect]
|-start|p1a: Ninja !!!|typechange|Ground|[from] Protean
|-damage|p2a: FERERRO ROCHER|38/100
|move|p2a: FERERRO ROCHER|Gyro Ball|p1a: Ninja !!!
|-damage|p1a: Ninja !!!|0 fnt
|faint|p1a: Ninja !!!
|
|-heal|p2a: FERERRO ROCHER|44/100|[from] item: Leftovers
|upkeep

|
|switch|p1a: Colosse|Mawile-Mega, M|100/100
|-damage|p1a: Colosse|95/100|[from] Stealth Rock
|turn|8

|inactive|LT51NP Darkred30 has 135 seconds left.

|j| Armasca

|inactive|LT51NP Darkred30 has 120 seconds left.

|c| Armasca|Darkred30 :3

|inactive|LT51NP Darkred30 has 105 seconds left.

|l| The Yeet King

|inactive|LT51NP Darkred30 has 90 seconds left.

|
|-singleturn|p1a: Colosse|move: Focus Punch
|switch|p2a: CACHOU KITTY|Landorus-Therian, M|57/100
|-damage|p2a: CACHOU KITTY|45/100|[from] Stealth Rock
|-ability|p2a: CACHOU KITTY|Intimidate|boost
|-unboost|p1a: Colosse|atk|1
|move|p1a: Colosse|Focus Punch|p2a: CACHOU KITTY
|-resisted|p2a: CACHOU KITTY
|-damage|p2a: CACHOU KITTY|13/100
|
|upkeep
|turn|9

|c|☆LT51NP Darkred30|coucou

|c| Armasca|T nul.

|inactive|ThunderKolia has 135 seconds left.

|inactive|LT51NP Darkred30 has 135 seconds left.

|c|☆LT51NP Darkred30|pas autant que toi ^^

|
|switch|p1a: I am a genius|Landorus-Therian, M|99/100
|-damage|p1a: I am a genius|88/100|[from] Stealth Rock
|-ability|p1a: I am a genius|Intimidate|boost
|-unboost|p2a: CACHOU KITTY|atk|1
|move|p2a: CACHOU KITTY|Earthquake|p1a: I am a genius
|-immune|p1a: I am a genius|[msg]
|
|-heal|p1a: I am a genius|94/100|[from] item: Leftovers
|upkeep
|turn|10

|j| Zowzow

|c| Armasca|Mais.

|inactive|ThunderKolia has 135 seconds left.

|
|switch|p2a: JACKIE RCARD|Latios-Mega, M, shiny|100/100
|-damage|p2a: JACKIE RCARD|88/100|[from] Stealth Rock
|move|p1a: I am a genius|U-turn|p2a: JACKIE RCARD
|-supereffective|p2a: JACKIE RCARD
|-damage|p2a: JACKIE RCARD|38/100

|c| Armasca|Je suis plus bonne que toi.

|c| Armasca|Je suis sûre.

|
|switch|p1a: Chapo|Tapu Lele|100/100
|-damage|p1a: Chapo|88/100|[from] Stealth Rock
|-fieldstart|move: Psychic Terrain|[from] ability: Psychic Surge|[of] p1a: Chapo
|
|upkeep
|turn|11

|c|☆LT51NP Darkred30|waw

|inactive|ThunderKolia has 135 seconds left.

|inactive|LT51NP Darkred30 has 135 seconds left.

|c|☆LT51NP Darkred30|attention a ça que tu dis

|
|switch|p2a: FERERRO ROCHER|Ferrothorn, M|44/100
|-damage|p2a: FERERRO ROCHER|38/100|[from] Stealth Rock
|move|p1a: Chapo|Moonblast|p2a: FERERRO ROCHER
|-resisted|p2a: FERERRO ROCHER
|-damage|p2a: FERERRO ROCHER|16/100
|
|-heal|p2a: FERERRO ROCHER|22/100|[from] item: Leftovers
|upkeep
|turn|12

|c| Armasca|Ta une team de personnes pas gentilles.

|c| Armasca|Alors que moi si.

|inactive|ThunderKolia has 135 seconds left.

|c|☆LT51NP Darkred30|et alors ?

|c| Armasca|Bah, c'est mieux les gentils.

|c|☆LT51NP Darkred30|non

|inactive|ThunderKolia has 120 seconds left.

|
|switch|p1a: Tank|Toxapex, F|100/100
|-damage|p1a: Tank|88/100|[from] Stealth Rock
|move|p2a: FERERRO ROCHER|Gyro Ball|p1a: Tank
|-resisted|p1a: Tank
|-crit|p1a: Tank
|-damage|p1a: Tank|75/100
|
|-heal|p1a: Tank|81/100|[from] item: Black Sludge
|-heal|p2a: FERERRO ROCHER|29/100|[from] item: Leftovers
|upkeep
|turn|13

|inactive|ThunderKolia has 135 seconds left.

|
|switch|p1a: Chapo|Tapu Lele|88/100
|-damage|p1a: Chapo|76/100|[from] Stealth Rock
|move|p2a: FERERRO ROCHER|Leech Seed|p1a: Chapo
|-start|p1a: Chapo|move: Leech Seed
|
|-heal|p2a: FERERRO ROCHER|35/100|[from] item: Leftovers
|-damage|p1a: Chapo|63/100|[from] Leech Seed|[of] p2a: FERERRO ROCHER
|-heal|p2a: FERERRO ROCHER|45/100|[silent]
|upkeep
|turn|14

|
|move|p2a: FERERRO ROCHER|Protect|p2a: FERERRO ROCHER
|-singleturn|p2a: FERERRO ROCHER|Protect
|move|p1a: Chapo|Hidden Power|p2a: FERERRO ROCHER
|-activate|p2a: FERERRO ROCHER|move: Protect
|
|-heal|p2a: FERERRO ROCHER|51/100|[from] item: Leftovers
|-damage|p1a: Chapo|51/100|[from] Leech Seed|[of] p2a: FERERRO ROCHER
|-heal|p2a: FERERRO ROCHER|61/100|[silent]
|-fieldend|move: Psychic Terrain
|upkeep
|turn|15

|
|switch|p2a: JACKIE RCARD|Latios-Mega, M, shiny|38/100
|-damage|p2a: JACKIE RCARD|25/100|[from] Stealth Rock
|move|p1a: Chapo|Hidden Power|p2a: JACKIE RCARD
|-resisted|p2a: JACKIE RCARD
|-damage|p2a: JACKIE RCARD|14/100
|
|-damage|p1a: Chapo|38/100|[from] Leech Seed|[of] p2a: JACKIE RCARD
|-heal|p2a: JACKIE RCARD|26/100|[silent]
|upkeep
|turn|16

|inactive|ThunderKolia has 135 seconds left.

|
|switch|p1a: Tank|Toxapex, F|100/100
|-damage|p1a: Tank|88/100|[from] Stealth Rock
|move|p2a: JACKIE RCARD|Recover|p2a: JACKIE RCARD
|-heal|p2a: JACKIE RCARD|76/100
|
|-heal|p1a: Tank|94/100|[from] item: Black Sludge
|upkeep
|turn|17

|c| Armasca|Si.

|inactive|ThunderKolia has 135 seconds left.

|c|☆LT51NP Darkred30|tu te tais maintenent

|inactive|ThunderKolia has 120 seconds left.

|
|move|p2a: JACKIE RCARD|Psychic|p1a: Tank
|-supereffective|p1a: Tank
|-damage|p1a: Tank|26/100
|move|p1a: Tank|Scald|p2a: JACKIE RCARD
|-resisted|p2a: JACKIE RCARD
|-damage|p2a: JACKIE RCARD|68/100
|
|-heal|p1a: Tank|33/100|[from] item: Black Sludge
|upkeep
|turn|18

|inactive|LT51NP Darkred30 has 135 seconds left.

|inactive|LT51NP Darkred30 has 120 seconds left.

|j| Raphi600

|inactive|LT51NP Darkred30 has 105 seconds left.

|inactive|LT51NP Darkred30 has 90 seconds left.

|
|move|p2a: JACKIE RCARD|Earthquake|p1a: Tank
|-supereffective|p1a: Tank
|-damage|p1a: Tank|0 fnt
|faint|p1a: Tank
|
|upkeep

|c| Armasca|Mais pourquoi !!!

|
|switch|p1a: Chapo|Tapu Lele|38/100
|-damage|p1a: Chapo|26/100|[from] Stealth Rock
|-fieldstart|move: Psychic Terrain|[from] ability: Psychic Surge|[of] p1a: Chapo
|turn|19

|c|☆LT51NP Darkred30|de quoi ?

|inactive|LT51NP Darkred30 has 135 seconds left.

|inactive|ThunderKolia has 135 seconds left.

|
|switch|p2a: JINETTE BALOUTE|Magearna|100/100
|-damage|p2a: JINETTE BALOUTE|95/100|[from] Stealth Rock
|move|p1a: Chapo|Moonblast|p2a: JINETTE BALOUTE
|-resisted|p2a: JINETTE BALOUTE
|-crit|p2a: JINETTE BALOUTE
|-damage|p2a: JINETTE BALOUTE|58/100
|-unboost|p2a: JINETTE BALOUTE|spa|1
|
|-heal|p2a: JINETTE BALOUTE|64/100|[from] item: Leftovers
|upkeep
|turn|20

|c| Armasca|J'ai le droit de parler !

|inactive|ThunderKolia has 135 seconds left.

|
|switch|p1a: I am a genius|Landorus-Therian, M|94/100
|-damage|p1a: I am a genius|82/100|[from] Stealth Rock
|-ability|p1a: I am a genius|Intimidate|boost
|-unboost|p2a: JINETTE BALOUTE|atk|1
|move|p2a: JINETTE BALOUTE|Shift Gear|p2a: JINETTE BALOUTE
|-boost|p2a: JINETTE BALOUTE|spe|2
|-boost|p2a: JINETTE BALOUTE|atk|1
|
|-heal|p2a: JINETTE BALOUTE|70/100|[from] item: Leftovers
|-heal|p1a: I am a genius|88/100|[from] item: Leftovers
|upkeep
|turn|21

|c|☆LT51NP Darkred30|non

|
|move|p2a: JINETTE BALOUTE|Ice Beam|p1a: I am a genius
|-supereffective|p1a: I am a genius
|-damage|p1a: I am a genius|0 fnt
|faint|p1a: I am a genius
|-ability|p2a: JINETTE BALOUTE|Soul-Heart|boost
|-boost|p2a: JINETTE BALOUTE|spa|1
|
|-heal|p2a: JINETTE BALOUTE|76/100|[from] item: Leftovers
|upkeep

|l| Raphi600

|
|switch|p1a: Dragon/reptile ?|Zygarde|100/100
|-damage|p1a: Dragon/reptile ?|94/100|[from] Stealth Rock
|-ability|p1a: Dragon/reptile ?|Aura Break
|turn|22

|c|☆LT51NP Darkred30|jinette baloute > all

|
|move|p2a: JINETTE BALOUTE|Ice Beam|p1a: Dragon/reptile ?
|-supereffective|p1a: Dragon/reptile ?
|-damage|p1a: Dragon/reptile ?|0 fnt
|faint|p1a: Dragon/reptile ?
|-ability|p2a: JINETTE BALOUTE|Soul-Heart|boost
|-boost|p2a: JINETTE BALOUTE|spa|1
|
|-heal|p2a: JINETTE BALOUTE|82/100|[from] item: Leftovers
|upkeep

|l| Zowzow

|c|☆LT51NP Darkred30|grosse force a jinette

|-message|ThunderKolia forfeited.

|
|win|LT51NP Darkred30
