|init|battle
|title|Gumpyy vs. The Yeet King
|j|☆Gumpyy
|j|☆The Yeet King
|player|p1|Gumpyy|102
|player|p2|The Yeet King|156
|teamsize|p1|6
|teamsize|p2|6
|gametype|singles
|gen|7
|tier|[Gen 7] UU
|rated|
|rule|Sleep Clause Mod: Limit one foe put to sleep
|rule|Species Clause: Limit one of each Pokémon
|rule|OHKO Clause: OHKO moves are banned
|rule|Moody Clause: Moody is banned
|rule|Evasion Moves Clause: Evasion moves are banned
|rule|Endless Battle Clause: Forcing endless battles is banned
|rule|HP Percentage Mod: HP is shown in percentages
|clearpoke
|poke|p1|Venusaur, F|item
|poke|p1|Raikou|item
|poke|p1|Mamoswine, F|item
|poke|p1|Scizor, M|item
|poke|p1|Suicune|item
|poke|p1|Crobat, M|item
|poke|p2|Diancie|item
|poke|p2|Scizor, M|item
|poke|p2|Magneton|item
|poke|p2|Hydreigon, M|item
|poke|p2|Krookodile, M|item
|poke|p2|Gengar, F|item
|teampreview
|
|start
|switch|p1a: Crobat|Crobat, M|100/100
|switch|p2a: socks and crocs|Krookodile, M|100/100
|-ability|p2a: socks and crocs|Intimidate|boost
|-unboost|p1a: Crobat|atk|1
|turn|1
|
|move|p1a: Crobat|U-turn|p2a: socks and crocs
|-supereffective|p2a: socks and crocs
|-damage|p2a: socks and crocs|76/100
|c|☆The Yeet King|fuck right off nerd
|c|☆Gumpyy|thx cuz
|
|switch|p1a: Suicune|Suicune|100/100
|-ability|p1a: Suicune|Pressure
|move|p2a: socks and crocs|Stealth Rock|p1a: Suicune
|-sidestart|p1: Gumpyy|move: Stealth Rock
|
|upkeep
|turn|2
|c|☆The Yeet King|yeah fuck outta here already
|c|☆Gumpyy|welcum 2 the real wurlld
|
|-zpower|p2a: socks and crocs
|move|p2a: socks and crocs|Tectonic Rage|p1a: Suicune|[zeffect]
|-damage|p1a: Suicune|53/100
|move|p1a: Suicune|Scald|p2a: socks and crocs
|-supereffective|p2a: socks and crocs
|-damage|p2a: socks and crocs|7/100
|
|-heal|p1a: Suicune|59/100|[from] item: Leftovers
|upkeep
|turn|3
|c|☆The Yeet King|also get earthquaked

|c|☆The Yeet King|wow seriously?

|
|move|p2a: socks and crocs|Knock Off|p1a: Suicune
|-damage|p1a: Suicune|31/100
|-enditem|p1a: Suicune|Leftovers|[from] move: Knock Off|[of] p2a: socks and crocs
|move|p1a: Suicune|Scald|p2a: socks and crocs
|-supereffective|p2a: socks and crocs
|-damage|p2a: socks and crocs|0 fnt
|faint|p2a: socks and crocs
|
|upkeep

|c|☆Gumpyy|crocune is bezt cune

|
|switch|p2a: B O N E L E S S|Diancie|100/100
|turn|4

|c|☆Gumpyy|what can i say

|c|☆The Yeet King|whats a crocune

|
|detailschange|p2a: B O N E L E S S|Diancie-Mega
|-mega|p2a: B O N E L E S S|Diancie|Diancite
|move|p2a: B O N E L E S S|Moonblast|p1a: Suicune
|-damage|p1a: Suicune|0 fnt
|faint|p1a: Suicune
|
|upkeep

|c|☆Gumpyy|apparently not good enough

|
|switch|p1a: Scizor|Scizor, M|100/100
|-damage|p1a: Scizor|88/100|[from] Stealth Rock
|turn|5

|c|☆The Yeet King|lets go nerd

|c|☆The Yeet King|hit me up

|
|switch|p2a: magic houdini|Magneton|100/100
|move|p1a: Scizor|Swords Dance|p1a: Scizor
|-boost|p1a: Scizor|atk|2
|
|upkeep
|turn|6

|c|☆The Yeet King|yeah

|c|☆The Yeet King|WELL

|c|☆The Yeet King|FUCKING

|c|☆The Yeet King|PLAYED

|c|☆Gumpyy|what a big braen play

|
|move|p2a: magic houdini|Hidden Power|p1a: Scizor
|-supereffective|p1a: Scizor
|-damage|p1a: Scizor|0 fnt
|faint|p1a: Scizor
|
|upkeep

|c|☆The Yeet King|FUCK

|c|☆Gumpyy|what a stud

|c|☆The Yeet King|OUTTA

|c|☆The Yeet King|HERE

|
|switch|p1a: Mamoswine|Mamoswine, F|100/100
|-damage|p1a: Mamoswine|88/100|[from] Stealth Rock
|turn|7

|c|☆Gumpyy|you made ur mom very proud today

|c|☆The Yeet King|yo this nibba LITERALLY worthless now

|c|☆The Yeet King|ima sacc his sorry ass

|
|move|p2a: magic houdini|Hidden Power|p1a: Mamoswine
|-supereffective|p1a: Mamoswine
|-damage|p1a: Mamoswine|58/100
|move|p1a: Mamoswine|Earthquake|p2a: magic houdini
|-supereffective|p2a: magic houdini
|-damage|p2a: magic houdini|0 fnt
|-damage|p1a: Mamoswine|48/100|[from] item: Life Orb
|faint|p2a: magic houdini
|
|upkeep

|
|switch|p2a: Scizor|Scizor, M|100/100
|turn|8

|c|☆The Yeet King|yo get DONE already

|
|move|p1a: Mamoswine|Stealth Rock|p2a: Scizor
|-sidestart|p2: The Yeet King|move: Stealth Rock
|move|p2a: Scizor|Swords Dance|p2a: Scizor
|-boost|p2a: Scizor|atk|2
|
|upkeep
|turn|9

|c|☆The Yeet King|come on

|c|☆The Yeet King|wow WELL PLAYED DUMASS

|
|move|p2a: Scizor|Bullet Punch|p1a: Mamoswine
|-supereffective|p1a: Mamoswine
|-damage|p1a: Mamoswine|0 fnt
|-damage|p2a: Scizor|91/100|[from] item: Life Orb
|faint|p1a: Mamoswine
|
|upkeep

|c|☆Gumpyy|thx

|
|switch|p1a: Venusaur|Venusaur, F|100/100
|-damage|p1a: Venusaur|88/100|[from] Stealth Rock
|turn|10

|c|☆The Yeet King|get fucking

|c|☆The Yeet King|bug bit

|
|detailschange|p1a: Venusaur|Venusaur-Mega, F
|-mega|p1a: Venusaur|Venusaur|Venusaurite
|move|p1a: Venusaur|Sleep Powder|p2a: Scizor
|-status|p2a: Scizor|slp
|cant|p2a: Scizor|slp
|
|upkeep
|turn|11

|c|☆The Yeet King|gee fuck off

|c|☆Gumpyy|yes maam

|
|move|p1a: Venusaur|Leech Seed|p2a: Scizor
|-start|p2a: Scizor|move: Leech Seed
|cant|p2a: Scizor|slp
|
|-damage|p2a: Scizor|78/100 slp|[from] Leech Seed|[of] p1a: Venusaur
|-heal|p1a: Venusaur|99/100|[silent]
|upkeep
|turn|12

|c|☆The Yeet King|dont doze me off

|c|☆The Yeet King|nerd ass loser

|
|move|p1a: Venusaur|Giga Drain|p2a: Scizor
|-resisted|p2a: Scizor
|-damage|p2a: Scizor|70/100 slp
|-heal|p1a: Venusaur|100/100|[from] drain|[of] p2a: Scizor
|cant|p2a: Scizor|slp
|
|-damage|p2a: Scizor|57/100 slp|[from] Leech Seed|[of] p1a: Venusaur
|upkeep
|turn|13

|c|☆Gumpyy|do what helps you win i guesz

|
|move|p1a: Venusaur|Giga Drain|p2a: Scizor
|-resisted|p2a: Scizor
|-damage|p2a: Scizor|48/100 slp
|-curestatus|p2a: Scizor|slp|[msg]
|move|p2a: Scizor|Bug Bite|p1a: Venusaur
|-damage|p1a: Venusaur|7/100
|-damage|p2a: Scizor|38/100|[from] item: Life Orb
|
|-damage|p2a: Scizor|26/100|[from] Leech Seed|[of] p1a: Venusaur
|-heal|p1a: Venusaur|18/100|[silent]
|upkeep
|turn|14

|c|☆Gumpyy|it okay

|
|move|p2a: Scizor|Bullet Punch|p1a: Venusaur
|-damage|p1a: Venusaur|0 fnt
|-damage|p2a: Scizor|16/100|[from] item: Life Orb
|faint|p1a: Venusaur
|
|upkeep

|
|switch|p1a: Crobat|Crobat, M|100/100
|-damage|p1a: Crobat|76/100|[from] Stealth Rock
|turn|15

|
|move|p2a: Scizor|Bullet Punch|p1a: Crobat
|-damage|p1a: Crobat|0 fnt
|-damage|p2a: Scizor|6/100|[from] item: Life Orb
|faint|p1a: Crobat
|
|upkeep

|
|switch|p1a: Raikou|Raikou|100/100
|-damage|p1a: Raikou|88/100|[from] Stealth Rock
|-ability|p1a: Raikou|Pressure
|turn|16

|
|move|p2a: Scizor|Bullet Punch|p1a: Raikou
|-resisted|p1a: Raikou
|-damage|p1a: Raikou|29/100
|-damage|p2a: Scizor|0 fnt|[from] item: Life Orb
|faint|p2a: Scizor
|move|p1a: Raikou|Substitute|p1a: Raikou
|-start|p1a: Raikou|Substitute
|-damage|p1a: Raikou|4/100
|
|-heal|p1a: Raikou|10/100|[from] item: Leftovers
|upkeep

|
|switch|p2a: B O N E L E S S|Diancie-Mega|100/100
|-damage|p2a: B O N E L E S S|88/100|[from] Stealth Rock
|turn|17

|
|move|p1a: Raikou|Calm Mind|p1a: Raikou
|-boost|p1a: Raikou|spa|1
|-boost|p1a: Raikou|spd|1
|move|p2a: B O N E L E S S|Moonblast|p1a: Raikou
|-end|p1a: Raikou|Substitute
|
|-heal|p1a: Raikou|16/100|[from] item: Leftovers
|upkeep
|turn|18

|c|☆Gumpyy|gg cuz

|
|move|p1a: Raikou|Thunderbolt|p2a: B O N E L E S S
|-damage|p2a: B O N E L E S S|0 fnt
|faint|p2a: B O N E L E S S
|
|-heal|p1a: Raikou|22/100|[from] item: Leftovers
|upkeep

|
|switch|p2a: shiny clefairy|Gengar, F|100/100
|-damage|p2a: shiny clefairy|88/100|[from] Stealth Rock
|turn|19

|c|☆Gumpyy|you kinda just win

|
|move|p2a: shiny clefairy|Shadow Ball|p1a: Raikou
|-damage|p1a: Raikou|0 fnt
|faint|p1a: Raikou
|
|win|The Yeet King
