|init|battle
|title|The Yeet King vs. Bakrys
|j|☆The Yeet King
|j|☆Bakrys
|player|p1|The Yeet King|156
|player|p2|Bakrys|169
|teamsize|p1|6
|teamsize|p2|6
|gametype|singles
|gen|7
|tier|[Gen 7] UU
|rule|Sleep Clause Mod: Limit one foe put to sleep
|rule|Species Clause: Limit one of each Pokémon
|rule|OHKO Clause: OHKO moves are banned
|rule|Moody Clause: Moody is banned
|rule|Evasion Moves Clause: Evasion moves are banned
|rule|Endless Battle Clause: Forcing endless battles is banned
|rule|HP Percentage Mod: HP is shown in percentages
|clearpoke
|poke|p1|Kommo-o, M|item
|poke|p1|Florges-Blue, F|item
|poke|p1|Doublade, M|item
|poke|p1|Golisopod, M|item
|poke|p1|Empoleon, M|item
|poke|p1|Rotom-Heat|item
|poke|p2|Gengar, M|item
|poke|p2|Krookodile, F|item
|poke|p2|Steelix, M|item
|poke|p2|Weezing, F|item
|poke|p2|Feraligatr, M|item
|poke|p2|Gardevoir, M|item
|teampreview
|c|☆The Yeet King|alright
|
|start
|switch|p1a: Iron Bugaroo|Golisopod, M|100/100
|switch|p2a: Krookodile|Krookodile, F|100/100
|-ability|p2a: Krookodile|Intimidate|boost
|-unboost|p1a: Iron Bugaroo|atk|1
|turn|1
|c|☆The Yeet King|dont tell me if youve made any changes to your team now
|
|switch|p2a: Weezing|Weezing, F|100/100
|move|p1a: Iron Bugaroo|Leech Life|p2a: Weezing
|-resisted|p2a: Weezing
|-damage|p2a: Weezing|89/100
|-damage|p1a: Iron Bugaroo|91/100|[from] item: Life Orb
|
|-heal|p2a: Weezing|95/100|[from] item: Black Sludge
|upkeep
|turn|2

|
|switch|p1a: my mixtape|Rotom-Heat|100/100
|move|p2a: Weezing|Toxic Spikes|p1a: my mixtape
|-sidestart|p1: The Yeet King|move: Toxic Spikes
|
|-heal|p2a: Weezing|100/100|[from] item: Black Sludge
|upkeep
|turn|3

|
|switch|p2a: Krookodile|Krookodile, F|100/100
|-ability|p2a: Krookodile|Intimidate|boost
|-unboost|p1a: my mixtape|atk|1
|move|p1a: my mixtape|Overheat|p2a: Krookodile
|-damage|p2a: Krookodile|39/100
|-unboost|p1a: my mixtape|spa|2
|
|upkeep
|turn|4

|
|switch|p2a: Weezing|Weezing, F|100/100
|move|p1a: my mixtape|Overheat|p2a: Weezing
|-crit|p2a: Weezing
|-damage|p2a: Weezing|0 fnt
|-unboost|p1a: my mixtape|spa|2
|faint|p2a: Weezing
|
|upkeep

|c|☆The Yeet King|lucking out

|c|☆The Yeet King|hope this repeats during the official battle

|c|☆Bakrys|indeed

|
|switch|p2a: Feraligatr|Feraligatr, M|100/100
|turn|5

|
|switch|p1a: Flower Power|Florges-Blue, F, shiny|100/100
|-status|p1a: Flower Power|psn
|move|p2a: Feraligatr|Dragon Dance|p2a: Feraligatr
|-boost|p2a: Feraligatr|atk|1
|-boost|p2a: Feraligatr|spe|1
|
|-damage|p1a: Flower Power|88/100 psn|[from] psn
|upkeep
|turn|6

|
|move|p2a: Feraligatr|Liquidation|p1a: Flower Power
|-damage|p1a: Flower Power|0 fnt
|faint|p1a: Flower Power
|
|upkeep

|
|switch|p1a: Iron Bugaroo|Golisopod, M|91/100
|-status|p1a: Iron Bugaroo|psn
|turn|7

|
|move|p1a: Iron Bugaroo|First Impression|p2a: Feraligatr
|-damage|p2a: Feraligatr|28/100
|-damage|p1a: Iron Bugaroo|81/100 psn|[from] item: Life Orb
|move|p2a: Feraligatr|Crunch|p1a: Iron Bugaroo
|-damage|p1a: Iron Bugaroo|34/100 psn
|
|-damage|p1a: Iron Bugaroo|22/100 psn|[from] psn
|upkeep
|turn|8

|c|☆Bakrys|wait

|c|☆The Yeet King|why didnt my ability trigger wtf

|c|☆Bakrys|emergency exit?

|c|☆Bakrys|wtf

|c|☆Bakrys|XD

|c|☆The Yeet King|yeah

|c|☆Bakrys|yeah

|c|☆Bakrys|I was thinking

|c|☆Bakrys|the same thing

|c|☆The Yeet King|its glitching out

|c|☆Bakrys|xD

|c|☆Bakrys|what can you do?

|c|☆The Yeet King|I picked my move

|c|☆The Yeet King|did you do something?

|
|move|p1a: Iron Bugaroo|Sucker Punch|p2a: Feraligatr
|-damage|p2a: Feraligatr|0 fnt
|-damage|p1a: Iron Bugaroo|12/100 psn|[from] item: Life Orb
|faint|p2a: Feraligatr
|
|-damage|p1a: Iron Bugaroo|0 fnt|[from] psn
|upkeep
|faint|p1a: Iron Bugaroo

|c|☆The Yeet King|right

|
|switch|p2a: Gardevoir|Gardevoir, M|100/100
|switch|p1a: my mixtape|Rotom-Heat|100/100
|-ability|p2a: Gardevoir|Levitate|[from] ability: Trace|[of] p1a: my mixtape
|turn|9

|j| FriendlySpiderMan

|c| FriendlySpiderMan|Hello

|
|move|p1a: my mixtape|Volt Switch|p2a: Gardevoir
|-damage|p2a: Gardevoir|72/100

|c|☆The Yeet King|whos this

|
|switch|p1a: king arther|Doublade, M, shiny|100/100
|move|p2a: Gardevoir|Shadow Ball|p1a: king arther
|-supereffective|p1a: king arther
|-damage|p1a: king arther|4/100
|
|upkeep
|turn|10

|c| FriendlySpiderMan|Sheer force negates Emergency Exit

|c|☆The Yeet King|oh

|c|☆The Yeet King|makes sense

|
|switch|p2a: Steelix|Steelix, M|100/100
|move|p1a: king arther|Toxic|p2a: Steelix
|-immune|p2a: Steelix|[msg]
|
|upkeep
|turn|11

|c| FriendlySpiderMan|It counts as a secondary ef fect

|
|switch|p1a: bitch penguin|Empoleon, M|100/100
|detailschange|p2a: Steelix|Steelix-Mega, M
|-mega|p2a: Steelix|Steelix|Steelixite
|move|p2a: Steelix|Stone Edge|p1a: bitch penguin
|-resisted|p1a: bitch penguin
|-damage|p1a: bitch penguin|89/100
|
|-heal|p1a: bitch penguin|95/100|[from] item: Leftovers
|upkeep
|turn|12

|
|move|p1a: bitch penguin|Scald|p2a: Steelix
|-supereffective|p2a: Steelix
|-damage|p2a: Steelix|58/100
|move|p2a: Steelix|Earthquake|p1a: bitch penguin
|-supereffective|p1a: bitch penguin
|-damage|p1a: bitch penguin|32/100
|
|-heal|p1a: bitch penguin|39/100|[from] item: Leftovers
|upkeep
|turn|13

|c| FriendlySpiderMan|But only if the move used was also affected by sheer force

|c|☆The Yeet King|wheres my BURN

|c| FriendlySpiderMan|You can read the bulbapedia page for more information

|c|☆The Yeet King|thanks

|c| FriendlySpiderMan|FriendlySpiderMan away!

|l|friendlyspiderman

|c|☆The Yeet King|did you know this guy?

|c|☆Bakrys|but

|c|☆Bakrys|nope

|c|☆Bakrys|thats funny XD

|c|☆The Yeet King|huh

|c|☆Bakrys|I did not know this

|c|☆The Yeet King|I thought he was your friend

|c|☆The Yeet King|yeah me neither

|
|move|p1a: bitch penguin|Scald|p2a: Steelix
|-supereffective|p2a: Steelix
|-damage|p2a: Steelix|17/100
|move|p2a: Steelix|Earthquake|p1a: bitch penguin
|-supereffective|p1a: bitch penguin
|-damage|p1a: bitch penguin|0 fnt
|faint|p1a: bitch penguin
|
|upkeep

|c|☆The Yeet King|I guess thats since emergency exit is such an uncommon ability

|
|switch|p1a: Kommo-Bro|Kommo-o, M|100/100
|-status|p1a: Kommo-Bro|psn
|turn|14

|
|move|p1a: Kommo-Bro|Autotomize|p1a: Kommo-Bro
|-boost|p1a: Kommo-Bro|spe|2
|-start|p1a: Kommo-Bro|Autotomize
|move|p2a: Steelix|Heavy Slam|p1a: Kommo-Bro
|-damage|p1a: Kommo-Bro|48/100 psn
|
|-damage|p1a: Kommo-Bro|36/100 psn|[from] psn
|upkeep
|turn|15

|
|move|p1a: Kommo-Bro|Flamethrower|p2a: Steelix
|-supereffective|p2a: Steelix
|-damage|p2a: Steelix|0 fnt
|faint|p2a: Steelix
|
|-damage|p1a: Kommo-Bro|23/100 psn|[from] psn
|upkeep

|
|switch|p2a: Gengar|Gengar, M|100/100
|turn|16

|
|switch|p2a: Gardevoir|Gardevoir, M|72/100
|-ability|p2a: Gardevoir|Bulletproof|[from] ability: Trace|[of] p1a: Kommo-Bro
|-zpower|p1a: Kommo-Bro
|move|p1a: Kommo-Bro|Devastating Drake|p2a: Gardevoir|[zeffect]
|-immune|p2a: Gardevoir|[msg]
|
|-damage|p1a: Kommo-Bro|11/100 psn|[from] psn
|upkeep
|turn|17

|c|☆The Yeet King|wp

|
|switch|p2a: Gengar|Gengar, M|100/100
|move|p1a: Kommo-Bro|Flamethrower|p2a: Gengar
|-damage|p2a: Gengar|50/100
|
|-damage|p1a: Kommo-Bro|0 fnt|[from] psn
|upkeep
|faint|p1a: Kommo-Bro

|
|switch|p1a: king arther|Doublade, M, shiny|4/100
|turn|18

|c|☆The Yeet King|wish I had flash cannon

|
|move|p1a: king arther|Shadow Sneak|p2a: Gengar
|-supereffective|p2a: Gengar
|-damage|p2a: Gengar|0 fnt
|-start|p1a: king arther|Disable|Shadow Sneak|[from] ability: Cursed Body|[of] p2a: Gengar
|faint|p2a: Gengar
|
|upkeep

|
|switch|p2a: Krookodile|Krookodile, F|39/100
|-ability|p2a: Krookodile|Intimidate|boost
|-unboost|p1a: king arther|atk|1
|turn|19

|
|move|p1a: king arther|Protect|p1a: king arther
|-singleturn|p1a: king arther|Protect
|move|p2a: Krookodile|Knock Off|p1a: king arther
|-activate|p1a: king arther|move: Protect
|
|upkeep
|turn|20

|
|move|p2a: Krookodile|Knock Off|p1a: king arther
|-supereffective|p1a: king arther
|-damage|p1a: king arther|0 fnt
|-enditem|p1a: king arther|Eviolite|[from] move: Knock Off|[of] p2a: Krookodile
|faint|p1a: king arther
|
|upkeep

|
|switch|p1a: my mixtape|Rotom-Heat|100/100
|turn|21

|
|move|p1a: my mixtape|Overheat|p2a: Krookodile
|-damage|p2a: Krookodile|0 fnt
|-unboost|p1a: my mixtape|spa|2
|faint|p2a: Krookodile
|
|upkeep

|
|switch|p2a: Gardevoir|Gardevoir, M|72/100
|-ability|p2a: Gardevoir|Levitate|[from] ability: Trace|[of] p1a: my mixtape
|turn|22

|c|☆The Yeet King|watch me crit twice

|
|move|p1a: my mixtape|Overheat|p2a: Gardevoir
|-damage|p2a: Gardevoir|47/100
|-unboost|p1a: my mixtape|spa|2
|move|p2a: Gardevoir|Shadow Ball|p1a: my mixtape
|-damage|p1a: my mixtape|71/100
|-unboost|p1a: my mixtape|spd|1
|
|upkeep
|turn|23

|
|move|p1a: my mixtape|Overheat|p2a: Gardevoir
|-damage|p2a: Gardevoir|29/100
|-unboost|p1a: my mixtape|spa|2
|move|p2a: Gardevoir|Shadow Ball|p1a: my mixtape
|-damage|p1a: my mixtape|21/100
|
|upkeep
|turn|24

|
|move|p1a: my mixtape|Overheat|p2a: Gardevoir
|-damage|p2a: Gardevoir|16/100
|move|p2a: Gardevoir|Shadow Ball|p1a: my mixtape
|-damage|p1a: my mixtape|0 fnt
|faint|p1a: my mixtape
|
|win|Bakrys
