|init|battle
|title|slatslatslut vs. The Yeet King
|j|☆slatslatslut
|j|☆The Yeet King
|player|p1|slatslatslut|102
|player|p2|The Yeet King|156
|teamsize|p1|6
|teamsize|p2|6
|gametype|singles
|gen|7
|tier|[Gen 7] UU
|rated|
|rule|Sleep Clause Mod: Limit one foe put to sleep
|rule|Species Clause: Limit one of each Pokémon
|rule|OHKO Clause: OHKO moves are banned
|rule|Moody Clause: Moody is banned
|rule|Evasion Moves Clause: Evasion moves are banned
|rule|Endless Battle Clause: Forcing endless battles is banned
|rule|HP Percentage Mod: HP is shown in percentages
|clearpoke
|poke|p1|Gengar, M|item
|poke|p1|Kyurem|item
|poke|p1|Cresselia, F|item
|poke|p1|Magcargo, F|item
|poke|p1|Manectric, M|item
|poke|p1|Crawdaunt, F|item
|poke|p2|Kommo-o, F|item
|poke|p2|Florges-Blue, F|item
|poke|p2|Doublade, F|item
|poke|p2|Golisopod, F|item
|poke|p2|Empoleon, F|item
|poke|p2|Rotom-Heat|item
|teampreview
|
|start
|switch|p1a: Magcargo|Magcargo, F|100/100
|switch|p2a: bitch penguin|Empoleon, F|100/100
|turn|1
|inactive|Battle timer is ON: inactive players will automatically lose when time's up. (requested by slatslatslut)
|
|move|p2a: bitch penguin|Stealth Rock|p1a: Magcargo
|-sidestart|p1: slatslatslut|move: Stealth Rock
|move|p1a: Magcargo|Stealth Rock|p2a: bitch penguin
|-sidestart|p2: The Yeet King|move: Stealth Rock
|
|upkeep
|turn|2
|
|move|p1a: Magcargo|Protect|p1a: Magcargo
|-singleturn|p1a: Magcargo|Protect
|move|p2a: bitch penguin|Defog|p1a: Magcargo
|-activate|p1a: Magcargo|move: Protect
|
|upkeep
|turn|3
|
|switch|p1a: Gengar|Gengar, M|100/100
|-damage|p1a: Gengar|88/100|[from] Stealth Rock
|move|p2a: bitch penguin|Knock Off|p1a: Gengar
|-supereffective|p1a: Gengar
|-damage|p1a: Gengar|6/100
|-start|p2a: bitch penguin|Disable|Knock Off|[from] ability: Cursed Body|[of] p1a: Gengar
|-enditem|p1a: Gengar|Choice Specs|[from] move: Knock Off|[of] p2a: bitch penguin
|
|upkeep
|turn|4

|inactive|The Yeet King has 135 seconds left.

|
|move|p1a: Gengar|Thunderbolt|p2a: bitch penguin
|-supereffective|p2a: bitch penguin
|-damage|p2a: bitch penguin|48/100
|move|p2a: bitch penguin|Waterfall|p1a: Gengar
|-damage|p1a: Gengar|0 fnt
|faint|p1a: Gengar
|
|-heal|p2a: bitch penguin|54/100|[from] item: Leftovers
|upkeep

|
|switch|p1a: Manectric|Manectric, M|100/100
|-damage|p1a: Manectric|88/100|[from] Stealth Rock
|turn|5

|
|switch|p2a: king arther|Doublade, F, shiny|100/100
|-damage|p2a: king arther|94/100|[from] Stealth Rock
|detailschange|p1a: Manectric|Manectric-Mega, M
|-mega|p1a: Manectric|Manectric|Manectite
|-ability|p1a: Manectric|Intimidate|boost
|-unboost|p2a: king arther|atk|1
|move|p1a: Manectric|Volt Switch|p2a: king arther
|-damage|p2a: king arther|46/100

|inactive|slatslatslut has 135 seconds left.

|
|switch|p1a: Kyurem|Kyurem|100/100
|-damage|p1a: Kyurem|76/100|[from] Stealth Rock
|-ability|p1a: Kyurem|Pressure
|
|upkeep
|turn|6

|inactive|The Yeet King has 135 seconds left.

|inactive|The Yeet King has 120 seconds left.

|inactive|The Yeet King has 105 seconds left.

|
|move|p2a: king arther|Shadow Sneak|p1a: Kyurem
|-damage|p1a: Kyurem|65/100
|move|p1a: Kyurem|Earth Power|p2a: king arther
|-supereffective|p2a: king arther
|-damage|p2a: king arther|0 fnt
|faint|p2a: king arther
|
|upkeep

|
|switch|p2a: Flower Power|Florges-Blue, F, shiny|100/100
|-damage|p2a: Flower Power|88/100|[from] Stealth Rock
|turn|7

|inactive|slatslatslut has 135 seconds left.

|
|switch|p1a: Manectric|Manectric-Mega, M|88/100
|-damage|p1a: Manectric|76/100|[from] Stealth Rock
|-ability|p1a: Manectric|Intimidate|boost
|-unboost|p2a: Flower Power|atk|1
|move|p2a: Flower Power|Wish|p2a: Flower Power
|
|-heal|p2a: Flower Power|94/100|[from] item: Leftovers
|upkeep
|turn|8

|inactive|The Yeet King has 135 seconds left.

|
|switch|p2a: Kommo-bro|Kommo-o, F|100/100
|-damage|p2a: Kommo-bro|94/100|[from] Stealth Rock
|move|p1a: Manectric|Thunderbolt|p2a: Kommo-bro
|-resisted|p2a: Kommo-bro
|-damage|p2a: Kommo-bro|69/100
|
|-heal|p2a: Kommo-bro|100/100|[from] move: Wish|[wisher] Flower Power
|upkeep
|turn|9

|
|move|p1a: Manectric|Volt Switch|p2a: Kommo-bro
|-resisted|p2a: Kommo-bro
|-damage|p2a: Kommo-bro|80/100

|
|switch|p1a: Cresselia|Cresselia, F|100/100
|-damage|p1a: Cresselia|88/100|[from] Stealth Rock
|move|p2a: Kommo-bro|Autotomize|p2a: Kommo-bro
|-boost|p2a: Kommo-bro|spe|2
|-start|p2a: Kommo-bro|Autotomize
|
|-heal|p1a: Cresselia|94/100|[from] item: Leftovers
|upkeep
|turn|10

|
|move|p2a: Kommo-bro|Clanging Scales|p1a: Cresselia
|-damage|p1a: Cresselia|72/100
|-unboost|p2a: Kommo-bro|def|1
|move|p1a: Cresselia|Psychic|p2a: Kommo-bro
|-supereffective|p2a: Kommo-bro
|-damage|p2a: Kommo-bro|2/100
|
|-heal|p1a: Cresselia|78/100|[from] item: Leftovers
|upkeep
|turn|11

|-message|The Yeet King forfeited.

|
|win|slatslatslut
