|init|battle
|title|pabu23 vs. The Yeet King
|j|☆pabu23
|j|☆The Yeet King
|player|p1|pabu23|101
|player|p2|The Yeet King|156
|teamsize|p1|6
|teamsize|p2|6
|gametype|singles
|gen|7
|tier|[Gen 7] Ubers
|rated|
|rule|Sleep Clause Mod: Limit one foe put to sleep
|rule|Species Clause: Limit one of each Pokémon
|rule|OHKO Clause: OHKO moves are banned
|rule|Moody Clause: Moody is banned
|rule|Evasion Moves Clause: Evasion moves are banned
|rule|Endless Battle Clause: Forcing endless battles is banned
|rule|HP Percentage Mod: HP is shown in percentages
|clearpoke
|poke|p1|Mawile, F|item
|poke|p1|Landorus-Therian, M|item
|poke|p1|Clefable, M|item
|poke|p1|Skarmory, M|item
|poke|p1|Infernape, F|item
|poke|p1|Groudon|item
|poke|p2|Marshadow|item
|poke|p2|Necrozma-Dusk-Mane|item
|poke|p2|Arceus-*|item
|poke|p2|Salamence, M|item
|poke|p2|Groudon|item
|poke|p2|Darkrai|item
|rule|Mega Rayquaza Clause: You cannot mega evolve Rayquaza
|teampreview

|
|start
|switch|p1a: Landorus|Landorus-Therian, M|100/100
|switch|p2a: Mega Silvally|Arceus-Water|100/100
|-ability|p1a: Landorus|Intimidate|boost
|-unboost|p2a: Mega Silvally|atk|1
|turn|1

|
|switch|p1a: Groudon|Groudon|100/100
|detailschange|p1a: Groudon|Groudon-Primal
|-primal|p1a: Groudon
|-weather|DesolateLand|[from] ability: Desolate Land|[of] p1a: Groudon
|move|p2a: Mega Silvally|Stealth Rock|p1a: Groudon
|-sidestart|p1: pabu23|move: Stealth Rock
|
|-weather|DesolateLand|[upkeep]
|upkeep
|turn|2

|
|move|p2a: Mega Silvally|Toxic|p1a: Groudon
|-status|p1a: Groudon|tox
|move|p1a: Groudon|Rock Polish|p1a: Groudon
|-boost|p1a: Groudon|spe|2
|
|-weather|DesolateLand|[upkeep]
|-damage|p1a: Groudon|94/100 tox|[from] psn
|upkeep
|turn|3

|
|switch|p2a: Croissant|Salamence, M|100/100
|-ability|p2a: Croissant|Intimidate|boost
|-unboost|p1a: Groudon|atk|1
|move|p1a: Groudon|Swords Dance|p1a: Groudon
|-boost|p1a: Groudon|atk|2
|
|-weather|DesolateLand|[upkeep]
|-damage|p1a: Groudon|82/100 tox|[from] psn
|upkeep
|turn|4

|
|switch|p2a: Mega Silvally|Arceus-Water|100/100
|move|p1a: Groudon|Fire Punch|p2a: Mega Silvally
|-resisted|p2a: Mega Silvally
|-damage|p2a: Mega Silvally|60/100
|
|-weather|DesolateLand|[upkeep]
|-damage|p1a: Groudon|64/100 tox|[from] psn
|upkeep
|turn|5

|c|☆The Yeet King|lmao wtf

|
|switch|p2a: Croissant|Salamence, M|100/100
|-ability|p2a: Croissant|Intimidate|boost
|-unboost|p1a: Groudon|atk|1
|move|p1a: Groudon|Swords Dance|p1a: Groudon
|-boost|p1a: Groudon|atk|2
|
|-weather|DesolateLand|[upkeep]
|-damage|p1a: Groudon|39/100 tox|[from] psn
|upkeep
|turn|6

|
|switch|p2a: Mega Silvally|Arceus-Water|60/100
|move|p1a: Groudon|Fire Punch|p2a: Mega Silvally
|-resisted|p2a: Mega Silvally
|-damage|p2a: Mega Silvally|3/100
|
|-weather|DesolateLand|[upkeep]
|-damage|p1a: Groudon|8/100 tox|[from] psn
|upkeep
|turn|7

|
|move|p1a: Groudon|Fire Punch|p2a: Mega Silvally
|-resisted|p2a: Mega Silvally
|-damage|p2a: Mega Silvally|0 fnt
|faint|p2a: Mega Silvally
|
|-weather|DesolateLand|[upkeep]
|-damage|p1a: Groudon|0 fnt|[from] psn
|upkeep
|faint|p1a: Groudon
|-weather|none

|
|switch|p2a: Darkrai|Darkrai|100/100
|switch|p1a: Skarmory|Skarmory, M|100/100
|-damage|p1a: Skarmory|88/100|[from] Stealth Rock
|turn|8

|
|-zpower|p2a: Darkrai
|move|p2a: Darkrai|Z-Hypnosis|p1a: Skarmory|[anim]Hypnosis|[miss]
|-boost|p2a: Darkrai|spe|1|[zeffect]
|-miss|p2a: Darkrai|p1a: Skarmory
|move|p1a: Skarmory|Defog|p2a: Darkrai
|-unboost|p2a: Darkrai|evasion|1
|-sideend|p1: pabu23|Stealth Rock|[from] move: Defog|[of] p1a: Skarmory
|
|upkeep
|turn|9

|inactive|Battle timer is ON: inactive players will automatically lose when time's up. (requested by The Yeet King)

|c|☆The Yeet King|you fucking suck nibber

|inactive|pabu23 has 135 seconds left.

|
|move|p2a: Darkrai|Hypnosis|p1a: Skarmory|[miss]
|-miss|p2a: Darkrai|p1a: Skarmory
|move|p1a: Skarmory|Whirlwind|p2a: Darkrai
|drag|p2a: pee-don|Groudon|100/100
|detailschange|p2a: pee-don|Groudon-Primal
|-primal|p2a: pee-don
|-weather|DesolateLand|[from] ability: Desolate Land|[of] p2a: pee-don
|
|-weather|DesolateLand|[upkeep]
|upkeep
|turn|10

|
|switch|p1a: Landorus|Landorus-Therian, M|100/100
|-ability|p1a: Landorus|Intimidate|boost
|-unboost|p2a: pee-don|atk|1
|move|p2a: pee-don|Fire Punch|p1a: Landorus
|-damage|p1a: Landorus|38/100
|
|-weather|DesolateLand|[upkeep]
|upkeep
|turn|11

|
|-weather|none
|switch|p2a: Croissant|Salamence, M|100/100
|-ability|p2a: Croissant|Intimidate|boost
|-unboost|p1a: Landorus|atk|1
|move|p1a: Landorus|Rock Polish|p1a: Landorus
|-boost|p1a: Landorus|spe|2
|
|upkeep
|turn|12

|
|detailschange|p2a: Croissant|Salamence-Mega, M
|-mega|p2a: Croissant|Salamence|Salamencite
|move|p1a: Landorus|Swords Dance|p1a: Landorus
|-boost|p1a: Landorus|atk|2
|move|p2a: Croissant|Dragon Dance|p2a: Croissant
|-boost|p2a: Croissant|atk|1
|-boost|p2a: Croissant|spe|1
|
|upkeep
|turn|13

|
|-zpower|p1a: Landorus
|move|p1a: Landorus|Supersonic Skystrike|p2a: Croissant|[zeffect]
|-damage|p2a: Croissant|0 fnt
|faint|p2a: Croissant
|
|upkeep

|
|switch|p2a: Marshmellow|Marshadow|100/100
|turn|14

|
|move|p1a: Landorus|Fly|p2a: Marshmellow|[still]
|-prepare|p1a: Landorus|Fly|p2a: Marshmellow
|move|p2a: Marshmellow|Spectral Thief|p1a: Landorus|[miss]
|-miss|p2a: Marshmellow|p1a: Landorus
|
|upkeep
|turn|15

|
|move|p1a: Landorus|Fly|p2a: Marshmellow|[from]lockedmove
|-supereffective|p2a: Marshmellow
|-damage|p2a: Marshmellow|0 fnt
|faint|p2a: Marshmellow
|
|upkeep

|
|switch|p2a: Negrosma|Necrozma-Dusk-Mane|100/100
|turn|16

|
|move|p1a: Landorus|Earthquake|p2a: Negrosma
|-supereffective|p2a: Negrosma
|-damage|p2a: Negrosma|0 fnt
|faint|p2a: Negrosma
|
|upkeep

|
|switch|p2a: pee-don|Groudon-Primal|100/100
|-weather|DesolateLand|[from] ability: Desolate Land|[of] p2a: pee-don
|turn|17

|
|move|p1a: Landorus|Earthquake|p2a: pee-don
|-supereffective|p2a: pee-don
|-damage|p2a: pee-don|1/100
|move|p2a: pee-don|Fire Punch|p1a: Landorus
|-damage|p1a: Landorus|0 fnt
|faint|p1a: Landorus
|
|-weather|DesolateLand|[upkeep]
|upkeep

|
|switch|p1a: Infernape|Infernape, F|100/100
|turn|18

|
|move|p1a: Infernape|Earthquake|p2a: pee-don
|-supereffective|p2a: pee-don
|-damage|p2a: pee-don|0 fnt
|faint|p2a: pee-don
|-weather|none
|
|upkeep

|
|switch|p2a: Darkrai|Darkrai|100/100
|turn|19

|c|☆pabu23|gg

|
|move|p1a: Infernape|Mach Punch|p2a: Darkrai
|-supereffective|p2a: Darkrai
|-damage|p2a: Darkrai|40/100
|move|p2a: Darkrai|Hypnosis|p1a: Infernape|[miss]
|-miss|p2a: Darkrai|p1a: Infernape
|
|upkeep
|turn|20

|
|move|p1a: Infernape|Mach Punch|p2a: Darkrai
|-supereffective|p2a: Darkrai
|-crit|p2a: Darkrai
|-damage|p2a: Darkrai|0 fnt
|faint|p2a: Darkrai
|
|win|pabu23
