|init|battle
|title|The Yeet King vs. teenios
|j|☆The Yeet King
|j|☆teenios
|player|p1|The Yeet King|156
|player|p2|teenios|170
|teamsize|p1|6
|teamsize|p2|6
|gametype|singles
|gen|7
|tier|[Gen 7] UU
|rated|
|rule|Sleep Clause Mod: Limit one foe put to sleep
|rule|Species Clause: Limit one of each Pokémon
|rule|OHKO Clause: OHKO moves are banned
|rule|Moody Clause: Moody is banned
|rule|Evasion Moves Clause: Evasion moves are banned
|rule|Endless Battle Clause: Forcing endless battles is banned
|rule|HP Percentage Mod: HP is shown in percentages
|clearpoke
|poke|p1|Diancie|item
|poke|p1|Scizor, M|item
|poke|p1|Magneton|item
|poke|p1|Hydreigon, F|item
|poke|p1|Krookodile, F|item
|poke|p1|Gengar, F|item
|poke|p2|Sceptile, M|item
|poke|p2|Milotic, F|item
|poke|p2|Mamoswine, M|item
|poke|p2|Crobat, M|item
|poke|p2|Klefki, F|item
|poke|p2|Rotom-Heat|item
|teampreview
|
|start
|switch|p1a: socks and crocs|Krookodile, F|100/100
|switch|p2a: Mamoswine|Mamoswine, M|100/100
|-ability|p1a: socks and crocs|Intimidate|boost
|-unboost|p2a: Mamoswine|atk|1
|turn|1
|
|move|p1a: socks and crocs|Stealth Rock|p2a: Mamoswine
|-sidestart|p2: teenios|move: Stealth Rock
|move|p2a: Mamoswine|Stealth Rock|p1a: socks and crocs
|-sidestart|p1: The Yeet King|move: Stealth Rock
|
|upkeep
|turn|2
|
|-zpower|p1a: socks and crocs
|move|p1a: socks and crocs|Tectonic Rage|p2a: Mamoswine|[zeffect]
|-damage|p2a: Mamoswine|4/100
|move|p2a: Mamoswine|Icicle Crash|p1a: socks and crocs
|-supereffective|p1a: socks and crocs
|-damage|p1a: socks and crocs|15/100
|
|upkeep
|turn|3
|c|☆The Yeet King|fuck off nerd
|
|move|p2a: Mamoswine|Ice Shard|p1a: socks and crocs
|-supereffective|p1a: socks and crocs
|-damage|p1a: socks and crocs|0 fnt
|faint|p1a: socks and crocs
|
|upkeep
|
|switch|p1a: super bug|Scizor, M|100/100
|-damage|p1a: super bug|88/100|[from] Stealth Rock
|turn|4
|
|switch|p2a: Milotic|Milotic, F|100/100
|-damage|p2a: Milotic|88/100|[from] Stealth Rock
|move|p1a: super bug|Swords Dance|p1a: super bug
|-boost|p1a: super bug|atk|2
|
|-status|p2a: Milotic|brn|[from] item: Flame Orb
|upkeep
|turn|5

|
|move|p2a: Milotic|Haze|p2a: Milotic
|-clearallboost
|move|p1a: super bug|U-turn|p2a: Milotic
|-damage|p2a: Milotic|59/100 brn
|-damage|p1a: super bug|78/100|[from] item: Life Orb

|
|switch|p1a: magic houdini|Magneton|100/100
|-damage|p1a: magic houdini|94/100|[from] Stealth Rock
|
|-damage|p2a: Milotic|53/100 brn|[from] brn
|upkeep
|turn|6

|
|switch|p2a: Rotom|Rotom-Heat|100/100
|-damage|p2a: Rotom|76/100|[from] Stealth Rock
|move|p1a: magic houdini|Thunderbolt|p2a: Rotom
|-resisted|p2a: Rotom
|-damage|p2a: Rotom|49/100
|
|upkeep
|turn|7

|
|switch|p1a: bitch dragon|Hydreigon, F|100/100
|-damage|p1a: bitch dragon|88/100|[from] Stealth Rock
|move|p2a: Rotom|Defog|p1a: bitch dragon
|-unboost|p1a: bitch dragon|evasion|1
|-sideend|p1: The Yeet King|Stealth Rock|[from] move: Defog|[of] p1a: bitch dragon
|-sideend|p2: teenios|Stealth Rock|[from] move: Defog|[of] p2a: Rotom
|
|upkeep
|turn|8

|
|switch|p2a: Klefki|Klefki, F|100/100
|move|p1a: bitch dragon|Dark Pulse|p2a: Klefki
|-resisted|p2a: Klefki
|-damage|p2a: Klefki|75/100
|
|-heal|p2a: Klefki|81/100|[from] item: Leftovers
|upkeep
|turn|9

|
|switch|p1a: magic houdini|Magneton|94/100
|switch|p2a: Mamoswine|Mamoswine, M|4/100
|
|upkeep
|turn|10

|
|switch|p2a: Rotom|Rotom-Heat|49/100
|move|p1a: magic houdini|Flash Cannon|p2a: Rotom
|-resisted|p2a: Rotom
|-damage|p2a: Rotom|38/100
|
|upkeep
|turn|11

|
|switch|p1a: bitch dragon|Hydreigon, F|88/100
|move|p2a: Rotom|Volt Switch|p1a: bitch dragon
|-resisted|p1a: bitch dragon
|-damage|p1a: bitch dragon|62/100

|
|switch|p2a: Klefki|Klefki, F|81/100
|
|-heal|p2a: Klefki|87/100|[from] item: Leftovers
|upkeep
|turn|12

|inactive|Battle timer is ON: inactive players will automatically lose when time's up. (requested by The Yeet King)

|c|☆The Yeet King|hustle the fuck up already nerd

|inactive|teenios has 135 seconds left.

|l|☆teenios

|inactive|teenios disconnected and has a minute to reconnect!

|player|p2|
|inactive|teenios has 20 seconds to reconnect!

|inactive|teenios has 15 seconds to reconnect!

|inactive|teenios has 10 seconds to reconnect!

|inactive|teenios has 5 seconds to reconnect!

|-message|teenios lost due to inactivity.
|
|win|The Yeet King
