|init|battle
|title|lkjgslkdg vs. The Yeet King
|j|☆lkjgslkdg
|j|☆The Yeet King
|player|p1|lkjgslkdg|100
|player|p2|The Yeet King|156
|teamsize|p1|6
|teamsize|p2|6
|gametype|singles
|gen|7
|tier|[Gen 7] UU
|rated|
|rule|Sleep Clause Mod: Limit one foe put to sleep
|rule|Species Clause: Limit one of each Pokémon
|rule|OHKO Clause: OHKO moves are banned
|rule|Moody Clause: Moody is banned
|rule|Evasion Moves Clause: Evasion moves are banned
|rule|Endless Battle Clause: Forcing endless battles is banned
|rule|HP Percentage Mod: HP is shown in percentages
|clearpoke
|poke|p1|Gengar, M|item
|poke|p1|Celebi|item
|poke|p1|Magmortar, M|item
|poke|p1|Electivire, M|item
|poke|p1|Banette, F|item
|poke|p1|Blissey, F|item
|poke|p2|Diancie|item
|poke|p2|Scizor, M|item
|poke|p2|Magneton|item
|poke|p2|Hydreigon, M|item
|poke|p2|Krookodile, F|item
|poke|p2|Gengar, M|item
|teampreview
|
|start
|switch|p1a: Celebi|Celebi|100/100
|switch|p2a: socks and crocs|Krookodile, F|100/100
|-ability|p2a: socks and crocs|Intimidate|boost
|-unboost|p1a: Celebi|atk|1
|turn|1
|inactive|Battle timer is ON: inactive players will automatically lose when time's up. (requested by The Yeet King)
|
|move|p2a: socks and crocs|Knock Off|p1a: Celebi
|-supereffective|p1a: Celebi
|-damage|p1a: Celebi|11/100
|-enditem|p1a: Celebi|Leftovers|[from] move: Knock Off|[of] p2a: socks and crocs
|move|p1a: Celebi|Metronome|p1a: Celebi
|move|p1a: Celebi|Mist Ball|p2a: socks and crocs|[from]Metronome
|-immune|p2a: socks and crocs|[msg]
|
|upkeep
|turn|2
|
|move|p2a: socks and crocs|Stealth Rock|p1a: Celebi
|-sidestart|p1: lkjgslkdg|move: Stealth Rock
|move|p1a: Celebi|Metronome|p1a: Celebi
|move|p1a: Celebi|Dual Chop|p2a: socks and crocs|[from]Metronome
|-damage|p2a: socks and crocs|93/100
|-damage|p2a: socks and crocs|84/100
|-hitcount|p2a: socks and crocs|2
|
|upkeep
|turn|3
|
|move|p2a: socks and crocs|Knock Off|p1a: Celebi
|-supereffective|p1a: Celebi
|-damage|p1a: Celebi|0 fnt
|faint|p1a: Celebi
|
|upkeep
|
|switch|p1a: Banette|Banette, F|100/100
|-damage|p1a: Banette|88/100|[from] Stealth Rock
|turn|4
|
|detailschange|p1a: Banette|Banette-Mega, F
|-mega|p1a: Banette|Banette|Banettite
|move|p1a: Banette|Metronome|p1a: Banette
|move|p1a: Banette|Crunch|p2a: socks and crocs|[from]Metronome
|-hint|In gen 7, Dark is immune to Prankster moves.
|-immune|p2a: socks and crocs|[msg]
|move|p2a: socks and crocs|Knock Off|p1a: Banette
|-supereffective|p1a: Banette
|-damage|p1a: Banette|0 fnt
|faint|p1a: Banette
|
|upkeep

|
|switch|p1a: Blissey|Blissey, F|100/100
|-damage|p1a: Blissey|88/100|[from] Stealth Rock
|turn|5

|
|-zpower|p2a: socks and crocs
|move|p2a: socks and crocs|Tectonic Rage|p1a: Blissey|[zeffect]
|-damage|p1a: Blissey|0 fnt
|faint|p1a: Blissey
|
|upkeep

|
|switch|p1a: Gengar|Gengar, M|100/100
|-damage|p1a: Gengar|88/100|[from] Stealth Rock
|turn|6

|
|move|p2a: socks and crocs|Knock Off|p1a: Gengar
|-supereffective|p1a: Gengar
|-damage|p1a: Gengar|0 fnt
|-enditem|p1a: Gengar|Leftovers|[from] move: Knock Off|[of] p2a: socks and crocs
|faint|p1a: Gengar
|
|upkeep

|
|switch|p1a: Magmortar|Magmortar, M|100/100
|-damage|p1a: Magmortar|76/100|[from] Stealth Rock
|turn|7

|
|move|p2a: socks and crocs|Earthquake|p1a: Magmortar
|-supereffective|p1a: Magmortar
|-damage|p1a: Magmortar|0 fnt
|faint|p1a: Magmortar
|
|upkeep

|
|switch|p1a: Electivire|Electivire, M|100/100
|-damage|p1a: Electivire|88/100|[from] Stealth Rock
|turn|8

|
|move|p2a: socks and crocs|Earthquake|p1a: Electivire
|-supereffective|p1a: Electivire
|-damage|p1a: Electivire|0 fnt
|faint|p1a: Electivire
|
|win|The Yeet King
