|init|battle
|title|Louth302 vs. The Yeet King
|j|☆Louth302
|j|☆The Yeet King
|player|p1|Louth302|266
|player|p2|The Yeet King|156
|teamsize|p1|6
|teamsize|p2|6
|gametype|singles
|gen|7
|tier|[Gen 7] UU
|rated|
|rule|Sleep Clause Mod: Limit one foe put to sleep
|rule|Species Clause: Limit one of each Pokémon
|rule|OHKO Clause: OHKO moves are banned
|rule|Moody Clause: Moody is banned
|rule|Evasion Moves Clause: Evasion moves are banned
|rule|Endless Battle Clause: Forcing endless battles is banned
|rule|HP Percentage Mod: HP is shown in percentages
|clearpoke
|poke|p1|Crobat, F|item
|poke|p1|Venusaur, F|item
|poke|p1|Beedrill, M|item
|poke|p1|Chandelure, M|item
|poke|p1|Stakataka|item
|poke|p1|Suicune|item
|poke|p2|Diancie|item
|poke|p2|Scizor, M|item
|poke|p2|Magneton|item
|poke|p2|Hydreigon, M|item
|poke|p2|Krookodile, F|item
|poke|p2|Gengar, M|item
|teampreview
|
|start
|switch|p1a: Crobat|Crobat, F|100/100
|switch|p2a: socks and crocs|Krookodile, F|100/100
|-ability|p2a: socks and crocs|Intimidate|boost
|-unboost|p1a: Crobat|atk|1
|turn|1
|
|move|p1a: Crobat|U-turn|p2a: socks and crocs
|-supereffective|p2a: socks and crocs
|-damage|p2a: socks and crocs|74/100
|
|switch|p1a: Suicune|Suicune|100/100
|-ability|p1a: Suicune|Pressure
|move|p2a: socks and crocs|Stealth Rock|p1a: Suicune
|-sidestart|p1: Louth302|move: Stealth Rock
|
|upkeep
|turn|2
|
|switch|p2a: bitch dragon|Hydreigon, M|100/100
|move|p1a: Suicune|Scald|p2a: bitch dragon
|-resisted|p2a: bitch dragon
|-damage|p2a: bitch dragon|84/100
|
|upkeep
|turn|3
|
|move|p2a: bitch dragon|Draco Meteor|p1a: Suicune
|-damage|p1a: Suicune|26/100
|-unboost|p2a: bitch dragon|spa|2
|move|p1a: Suicune|Substitute|p1a: Suicune
|-start|p1a: Suicune|Substitute
|-damage|p1a: Suicune|1/100
|
|-heal|p1a: Suicune|7/100|[from] item: Leftovers
|upkeep
|turn|4
|
|move|p1a: Suicune|Protect|p1a: Suicune
|-singleturn|p1a: Suicune|Protect
|move|p2a: bitch dragon|Draco Meteor|p1a: Suicune
|-activate|p1a: Suicune|move: Protect
|
|-heal|p1a: Suicune|14/100|[from] item: Leftovers
|upkeep
|turn|5
|c|☆The Yeet King|you you can
|c|☆The Yeet King|FUCK
|c|☆The Yeet King|RIGHT
|c|☆The Yeet King|OFF
|
|move|p2a: bitch dragon|Draco Meteor|p1a: Suicune
|-end|p1a: Suicune|Substitute
|-unboost|p2a: bitch dragon|spa|2
|move|p1a: Suicune|Scald|p2a: bitch dragon
|-resisted|p2a: bitch dragon
|-damage|p2a: bitch dragon|68/100
|-status|p2a: bitch dragon|brn
|
|-heal|p1a: Suicune|20/100|[from] item: Leftovers
|-damage|p2a: bitch dragon|62/100 brn|[from] brn
|upkeep
|turn|6

|
|switch|p2a: magic houdini|Magneton|100/100
|move|p1a: Suicune|Protect|p1a: Suicune
|-fail|p1a: Suicune
|
|-heal|p1a: Suicune|26/100|[from] item: Leftovers
|upkeep
|turn|7

|
|move|p2a: magic houdini|Volt Switch|p1a: Suicune
|-supereffective|p1a: Suicune
|-damage|p1a: Suicune|0 fnt
|faint|p1a: Suicune

|
|switch|p2a: B O N E L E S S|Diancie|100/100
|
|upkeep

|c|☆Louth302|ok cool

|
|switch|p1a: Crobat|Crobat, F|100/100
|-damage|p1a: Crobat|76/100|[from] Stealth Rock
|turn|8

|c|☆The Yeet King|ok, this is e**B**ic

|
|detailschange|p2a: B O N E L E S S|Diancie-Mega
|-mega|p2a: B O N E L E S S|Diancie|Diancite
|move|p1a: Crobat|U-turn|p2a: B O N E L E S S
|-resisted|p2a: B O N E L E S S
|-damage|p2a: B O N E L E S S|90/100

|
|switch|p1a: Stakataka|Stakataka|100/100
|-damage|p1a: Stakataka|94/100|[from] Stealth Rock
|move|p2a: B O N E L E S S|Diamond Storm|p1a: Stakataka
|-resisted|p1a: Stakataka
|-damage|p1a: Stakataka|81/100
|
|-heal|p1a: Stakataka|88/100|[from] item: Leftovers
|upkeep
|turn|9

|c|☆The Yeet King|good play brosef

|
|move|p2a: B O N E L E S S|Earth Power|p1a: Stakataka
|-supereffective|p1a: Stakataka
|-damage|p1a: Stakataka|0 fnt
|faint|p1a: Stakataka
|
|upkeep

|c|☆The Yeet King|SIKE

|c|☆The Yeet King|that play sucked

|c|☆The Yeet King|also fuck off alredy

|
|switch|p1a: Beedrill|Beedrill, M|100/100
|-damage|p1a: Beedrill|75/100|[from] Stealth Rock
|turn|10

|c|☆Louth302|?

|c|☆Louth302|What is your Problem?

|c|☆Louth302|Hm?

|l|☆The Yeet King

|player|p2|
|c|☆Louth302|wow good mate ._.

|j|☆The Yeet King

|player|p2|The Yeet King|156
|c|☆The Yeet King|hey click X already

|c|☆The Yeet King|what are u waiting for

|c|☆Louth302|i did my turn

|c|☆Louth302|?

|
|detailschange|p1a: Beedrill|Beedrill-Mega, M
|-mega|p1a: Beedrill|Beedrill|Beedrillite
|move|p1a: Beedrill|U-turn|p2a: B O N E L E S S
|-resisted|p2a: B O N E L E S S
|-damage|p2a: B O N E L E S S|51/100

|
|switch|p1a: Venusaur|Venusaur, F|100/100
|-damage|p1a: Venusaur|88/100|[from] Stealth Rock
|move|p2a: B O N E L E S S|Psychic|p1a: Venusaur
|-supereffective|p1a: Venusaur
|-damage|p1a: Venusaur|39/100
|
|upkeep
|turn|11

|c|☆The Yeet King|yeah i know

|c|☆The Yeet King|just forfeit

|c|☆The Yeet King|youre getting bodied

|c|☆The Yeet King|if you havent noticed

|
|move|p2a: B O N E L E S S|Psychic|p1a: Venusaur
|-supereffective|p1a: Venusaur
|-damage|p1a: Venusaur|0 fnt
|faint|p1a: Venusaur
|
|upkeep

|c|☆Louth302|can you not just Play?

|c|☆The Yeet King|am i not playing?

|
|switch|p1a: Beedrill|Beedrill-Mega, M|75/100
|-damage|p1a: Beedrill|50/100|[from] Stealth Rock
|turn|12

|c|☆The Yeet King|just cause im telling you how bad you are doesnt mean I can play

|c|☆Louth302|No just triggering like a Little boy

|c|☆The Yeet King|since I am, in fact 6-0ing you

|c|☆The Yeet King|now hustle the fuck up already

|c|☆The Yeet King|i got shit to do

|inactive|Battle timer is ON: inactive players will automatically lose when time's up. (requested by The Yeet King)

|inactive|Louth302 has 135 seconds left.

|inactive|Louth302 has 120 seconds left.

|inactive|Louth302 has 105 seconds left.

|inactive|Louth302 has 90 seconds left.

|inactive|Louth302 has 75 seconds left.

|inactive|Louth302 has 60 seconds left.

|c|☆Louth302|How are you?:)

|inactive|Louth302 has 45 seconds left.

|c|☆The Yeet King|im winning

|inactive|Louth302 has 30 seconds left.

|c|☆Louth302|Ím fine too :)

|inactive|Louth302 has 20 seconds left.

|inactive|Louth302 has 15 seconds left.

|inactive|Louth302 has 10 seconds left.

|inactive|Louth302 has 5 seconds left.

|
|switch|p2a: Scizor|Scizor, M|100/100
|move|p1a: Beedrill|Poison Jab|p2a: Scizor
|-immune|p2a: Scizor|[msg]
|
|upkeep
|turn|13

|inactive|Louth302 has 75 seconds left.

|inactive|The Yeet King has 135 seconds left.

|inactive|Louth302 has 60 seconds left.

|inactive|The Yeet King has 120 seconds left.

|c|☆The Yeet King|lmao

|inactive|Louth302 has 45 seconds left.

|c|☆The Yeet King|get fucking played son

|inactive|The Yeet King has 105 seconds left.

|c|☆Louth302|sry dont understand you

|inactive|Louth302 has 30 seconds left.

|c|☆The Yeet King|its ok stall me

|c|☆The Yeet King|idgaf

|c|☆The Yeet King|youre still losing

|inactive|Louth302 has 20 seconds left.

|inactive|Louth302 has 15 seconds left.

|inactive|Louth302 has 10 seconds left.

|c|☆Louth302|i think u have time

|inactive|Louth302 has 5 seconds left.

|
|switch|p2a: shiny clefairy|Gengar, M|100/100
|move|p1a: Beedrill|Drill Run|p2a: shiny clefairy
|-supereffective|p2a: shiny clefairy
|-crit|p2a: shiny clefairy
|-damage|p2a: shiny clefairy|0 fnt
|-start|p1a: Beedrill|Disable|Drill Run|[from] ability: Cursed Body|[of] p2a: shiny clefairy
|faint|p2a: shiny clefairy
|
|upkeep

|c|☆Louth302|naww

|
|switch|p2a: Scizor|Scizor, M|100/100
|turn|14

|c|☆Louth302|cute

|inactive|Louth302 has 20 seconds left.

|c|☆The Yeet King|:(

|inactive|Louth302 has 15 seconds left.

|
|switch|p1a: Chandelure|Chandelure, M|100/100
|-damage|p1a: Chandelure|76/100|[from] Stealth Rock
|move|p2a: Scizor|Bullet Punch|p1a: Chandelure
|-resisted|p1a: Chandelure
|-damage|p1a: Chandelure|49/100
|-damage|p2a: Scizor|91/100|[from] item: Life Orb
|
|-heal|p1a: Chandelure|55/100|[from] item: Leftovers
|upkeep
|turn|15

|c|☆The Yeet King|why am I crying?

|inactive|Louth302 has 20 seconds left.

|
|switch|p2a: magic houdini|Magneton|100/100
|move|p1a: Chandelure|Overheat|p2a: magic houdini
|-supereffective|p2a: magic houdini
|-damage|p2a: magic houdini|0 fnt
|-unboost|p1a: Chandelure|spa|2
|faint|p2a: magic houdini
|
|-heal|p1a: Chandelure|61/100|[from] item: Leftovers
|upkeep

|c|☆Louth302|naw

|
|switch|p2a: bitch dragon|Hydreigon, M|62/100 brn
|turn|16

|
|move|p2a: bitch dragon|Dark Pulse|p1a: Chandelure
|-supereffective|p1a: Chandelure
|-damage|p1a: Chandelure|0 fnt
|faint|p1a: Chandelure
|
|-damage|p2a: bitch dragon|56/100 brn|[from] brn
|upkeep

|inactive|Louth302 has 45 seconds left.

|c|☆Louth302|naw

|c|☆The Yeet King|shit dawg this EZ

|c|☆The Yeet King|hustle up already

|inactive|Louth302 has 30 seconds left.

|inactive|Louth302 has 20 seconds left.

|inactive|Louth302 has 15 seconds left.

|inactive|Louth302 has 10 seconds left.

|inactive|Louth302 has 5 seconds left.

|
|switch|p1a: Beedrill|Beedrill-Mega, M|50/100
|-damage|p1a: Beedrill|25/100|[from] Stealth Rock
|turn|17

|inactive|Louth302 has 10 seconds left.

|inactive|Louth302 has 5 seconds left.

|c|☆The Yeet King|hey can u hold this L for me bro?

|
|move|p1a: Beedrill|Drill Run|p2a: bitch dragon
|-immune|p2a: bitch dragon|[msg]|[from] ability: Levitate
|move|p2a: bitch dragon|Dark Pulse|p1a: Beedrill
|-damage|p1a: Beedrill|0 fnt
|faint|p1a: Beedrill
|
|-damage|p2a: bitch dragon|49/100 brn|[from] brn
|upkeep

|c|☆The Yeet King|lmao

|inactive|Louth302 has 10 seconds left.

|
|switch|p1a: Crobat|Crobat, F|76/100
|-damage|p1a: Crobat|51/100|[from] Stealth Rock
|turn|18

|c|☆The Yeet King|easy wins

|c|☆Louth302|gg :)

|inactive|Louth302 has 15 seconds left.

|inactive|Louth302 has 10 seconds left.

|
|move|p1a: Crobat|U-turn|p2a: bitch dragon
|-supereffective|p2a: bitch dragon
|-damage|p2a: bitch dragon|14/100 brn
|move|p2a: bitch dragon|Dark Pulse|p1a: Crobat
|-crit|p1a: Crobat
|-damage|p1a: Crobat|0 fnt
|faint|p1a: Crobat
|
|win|The Yeet King
