|init|battle
|title|The Yeet King vs. Rogueframe
|j|☆The Yeet King
|j|☆Rogueframe
|player|p1|The Yeet King|156
|player|p2|Rogueframe|102
|teamsize|p1|6
|teamsize|p2|6
|gametype|singles
|gen|7
|tier|[Gen 7] Ubers
|rated|
|rule|Sleep Clause Mod: Limit one foe put to sleep
|rule|Species Clause: Limit one of each Pokémon
|rule|OHKO Clause: OHKO moves are banned
|rule|Moody Clause: Moody is banned
|rule|Evasion Moves Clause: Evasion moves are banned
|rule|Endless Battle Clause: Forcing endless battles is banned
|rule|HP Percentage Mod: HP is shown in percentages
|clearpoke
|poke|p1|Marshadow|item
|poke|p1|Necrozma-Dusk-Mane|item
|poke|p1|Arceus-*|item
|poke|p1|Salamence, F|item
|poke|p1|Groudon|item
|poke|p1|Darkrai|item
|poke|p2|Yveltal|item
|poke|p2|Groudon|item
|poke|p2|Necrozma-Dusk-Mane|item
|poke|p2|Xerneas|item
|poke|p2|Gengar, F|item
|poke|p2|Arceus-*|item
|rule|Mega Rayquaza Clause: You cannot mega evolve Rayquaza
|teampreview
|
|start
|switch|p1a: Mega Silvally|Arceus-Water|100/100
|switch|p2a: Groudon|Groudon, shiny|100/100
|detailschange|p2a: Groudon|Groudon-Primal, shiny
|-primal|p2a: Groudon
|-weather|DesolateLand|[from] ability: Desolate Land|[of] p2a: Groudon
|turn|1

|
|-weather|none
|switch|p2a: Xerneas|Xerneas, shiny|100/100
|-ability|p2a: Xerneas|Fairy Aura
|move|p1a: Mega Silvally|Stealth Rock|p2a: Xerneas
|-sidestart|p2: Rogueframe|move: Stealth Rock
|
|upkeep
|turn|2

|c|☆The Yeet King|so, i dont mean to brag

|c|☆The Yeet King|but youre pretty much ass

|
|switch|p1a: Negrosma|Necrozma-Dusk-Mane|100/100
|move|p2a: Xerneas|Grass Knot|p1a: Negrosma
|-resisted|p1a: Negrosma
|-damage|p1a: Negrosma|79/100
|
|upkeep
|turn|3

|
|switch|p2a: Groudon|Groudon-Primal, shiny|100/100
|-damage|p2a: Groudon|88/100|[from] Stealth Rock
|-weather|DesolateLand|[from] ability: Desolate Land|[of] p2a: Groudon
|move|p1a: Negrosma|Photon Geyser|p2a: Groudon
|-damage|p2a: Groudon|51/100
|
|-weather|DesolateLand|[upkeep]
|upkeep
|turn|4

|
|move|p2a: Groudon|Precipice Blades|p1a: Negrosma
|-supereffective|p1a: Negrosma
|-damage|p1a: Negrosma|0 fnt
|faint|p1a: Negrosma
|
|-weather|DesolateLand|[upkeep]
|upkeep

|
|switch|p1a: Darkrai|Darkrai|100/100
|turn|5

|
|-zpower|p1a: Darkrai
|move|p1a: Darkrai|Z-Hypnosis|p2a: Groudon|[anim]Hypnosis|[miss]
|-boost|p1a: Darkrai|spe|1|[zeffect]
|-miss|p1a: Darkrai|p2a: Groudon
|move|p2a: Groudon|Precipice Blades|p1a: Darkrai
|-damage|p1a: Darkrai|0 fnt
|faint|p1a: Darkrai
|
|-weather|DesolateLand|[upkeep]
|upkeep

|
|switch|p1a: Croissant|Salamence, F|100/100
|-ability|p1a: Croissant|Intimidate|boost
|-unboost|p2a: Groudon|atk|1
|turn|6

|
|-weather|none
|switch|p2a: Xerneas|Xerneas, shiny|100/100
|-damage|p2a: Xerneas|88/100|[from] Stealth Rock
|-ability|p2a: Xerneas|Fairy Aura
|move|p1a: Croissant|Dragon Dance|p1a: Croissant
|-boost|p1a: Croissant|atk|1
|-boost|p1a: Croissant|spe|1
|
|upkeep
|turn|7

|
|detailschange|p1a: Croissant|Salamence-Mega, F
|-mega|p1a: Croissant|Salamence|Salamencite
|move|p1a: Croissant|Return|p2a: Xerneas
|-damage|p2a: Xerneas|0 fnt
|faint|p2a: Xerneas
|
|upkeep

|inactive|Battle timer is ON: inactive players will automatically lose when time's up. (requested by The Yeet King)

|
|switch|p2a: Arceus|Arceus-Water|100/100
|-damage|p2a: Arceus|88/100|[from] Stealth Rock
|turn|8

|
|move|p1a: Croissant|Return|p2a: Arceus
|-damage|p2a: Arceus|23/100
|move|p2a: Arceus|Ice Beam|p1a: Croissant
|-supereffective|p1a: Croissant
|-damage|p1a: Croissant|0 fnt
|faint|p1a: Croissant
|
|upkeep

|
|switch|p1a: Marshmellow|Marshadow|100/100
|turn|9

|
|move|p1a: Marshmellow|Swagger|p2a: Arceus
|-boost|p2a: Arceus|atk|2
|-start|p2a: Arceus|confusion
|-activate|p2a: Arceus|confusion
|-damage|p2a: Arceus|12/100|[from] confusion
|
|upkeep
|turn|10

|
|switch|p2a: Yveltal|Yveltal|100/100
|-damage|p2a: Yveltal|76/100|[from] Stealth Rock
|-ability|p2a: Yveltal|Dark Aura
|move|p1a: Marshmellow|Spectral Thief|p2a: Yveltal
|-resisted|p2a: Yveltal
|-damage|p2a: Yveltal|54/100
|
|upkeep
|turn|11

|
|move|p1a: Marshmellow|Swagger|p2a: Yveltal
|-boost|p2a: Yveltal|atk|2
|-start|p2a: Yveltal|confusion
|-activate|p2a: Yveltal|confusion
|move|p2a: Yveltal|Oblivion Wing|p1a: Marshmellow
|-supereffective|p1a: Marshmellow
|-damage|p1a: Marshmellow|0 fnt
|-heal|p2a: Yveltal|100/100|[from] drain|[of] p1a: Marshmellow
|-damage|p2a: Yveltal|91/100|[from] item: Life Orb
|faint|p1a: Marshmellow
|
|upkeep

|
|switch|p1a: pee-don|Groudon|100/100
|detailschange|p1a: pee-don|Groudon-Primal
|-primal|p1a: pee-don
|-weather|DesolateLand|[from] ability: Desolate Land|[of] p1a: pee-don
|turn|12

|
|-activate|p2a: Yveltal|confusion
|-damage|p2a: Yveltal|64/100|[from] confusion
|move|p1a: pee-don|Fire Punch|p2a: Yveltal
|-damage|p2a: Yveltal|0 fnt
|faint|p2a: Yveltal
|
|-weather|DesolateLand|[upkeep]
|upkeep

|inactive|Rogueframe has 135 seconds left.

|
|switch|p2a: Arceus|Arceus-Water|12/100
|-damage|p2a: Arceus|0 fnt|[from] Stealth Rock
|faint|p2a: Arceus

|
|switch|p2a: Necrozma|Necrozma-Dusk-Mane|100/100
|-damage|p2a: Necrozma|95/100|[from] Stealth Rock
|turn|13

|inactive|Rogueframe has 135 seconds left.

|
|-zpower|p2a: Necrozma
|move|p2a: Necrozma|Searing Sunraze Smash|p1a: pee-don|[zeffect]
|-resisted|p1a: pee-don
|-damage|p1a: pee-don|62/100
|move|p1a: pee-don|Precipice Blades|p2a: Necrozma
|-supereffective|p2a: Necrozma
|-damage|p2a: Necrozma|0 fnt
|faint|p2a: Necrozma
|
|-weather|DesolateLand|[upkeep]
|upkeep

|
|switch|p2a: Groudon|Groudon-Primal, shiny|51/100
|-damage|p2a: Groudon|38/100|[from] Stealth Rock
|turn|14

|
|move|p2a: Groudon|Precipice Blades|p1a: pee-don
|-supereffective|p1a: pee-don
|-damage|p1a: pee-don|0 fnt
|faint|p1a: pee-don
|
|-weather|DesolateLand|[upkeep]
|upkeep

|
|switch|p1a: Mega Silvally|Arceus-Water|100/100
|turn|15

|
|move|p1a: Mega Silvally|Toxic|p2a: Groudon
|-status|p2a: Groudon|tox
|move|p2a: Groudon|Precipice Blades|p1a: Mega Silvally
|-damage|p1a: Mega Silvally|45/100
|
|-weather|DesolateLand|[upkeep]
|-damage|p2a: Groudon|32/100 tox|[from] psn
|upkeep
|turn|16

|
|move|p1a: Mega Silvally|Judgment|p2a: Groudon
|-fail|p2a: Groudon|Judgment|[from] Desolate Land
|move|p2a: Groudon|Precipice Blades|p1a: Mega Silvally
|-damage|p1a: Mega Silvally|0 fnt
|faint|p1a: Mega Silvally
|
|win|Rogueframe
