|init|battle
|title|The Yeet King vs. patata kawai xd
|j|☆The Yeet King
|j|☆patata kawai xd
|player|p1|The Yeet King|156
|player|p2|patata kawai xd|2
|teamsize|p1|6
|teamsize|p2|6
|gametype|singles
|gen|7
|tier|[Gen 7] Ubers
|rated|
|rule|Sleep Clause Mod: Limit one foe put to sleep
|rule|Species Clause: Limit one of each Pokémon
|rule|OHKO Clause: OHKO moves are banned
|rule|Moody Clause: Moody is banned
|rule|Evasion Moves Clause: Evasion moves are banned
|rule|Endless Battle Clause: Forcing endless battles is banned
|rule|HP Percentage Mod: HP is shown in percentages
|clearpoke
|poke|p1|Marshadow|item
|poke|p1|Necrozma-Dusk-Mane|item
|poke|p1|Arceus-*|item
|poke|p1|Salamence, F|item
|poke|p1|Groudon|item
|poke|p1|Darkrai|item
|poke|p2|Arceus-*|item
|poke|p2|Kyogre|item
|poke|p2|Groudon|item
|poke|p2|Yveltal|item
|poke|p2|Gengar, M|item
|poke|p2|Xerneas|item
|rule|Mega Rayquaza Clause: You cannot mega evolve Rayquaza
|teampreview
|
|start
|switch|p1a: Mega Silvally|Arceus-Water|100/100
|switch|p2a: Groudon|Groudon|100/100
|detailschange|p2a: Groudon|Groudon-Primal
|-primal|p2a: Groudon
|-weather|DesolateLand|[from] ability: Desolate Land|[of] p2a: Groudon
|turn|1
|
|move|p1a: Mega Silvally|Stealth Rock|p2a: Groudon
|-sidestart|p2: patata kawai xd|move: Stealth Rock
|move|p2a: Groudon|Stealth Rock|p1a: Mega Silvally
|-sidestart|p1: The Yeet King|move: Stealth Rock
|
|-weather|DesolateLand|[upkeep]
|upkeep
|turn|2
|c|☆The Yeet King|fuck off
|
|move|p1a: Mega Silvally|Toxic|p2a: Groudon|[miss]
|-miss|p1a: Mega Silvally|p2a: Groudon
|move|p2a: Groudon|Precipice Blades|p1a: Mega Silvally
|-damage|p1a: Mega Silvally|54/100
|
|-weather|DesolateLand|[upkeep]
|upkeep
|turn|3
|
|move|p1a: Mega Silvally|Toxic|p2a: Groudon
|-status|p2a: Groudon|tox
|move|p2a: Groudon|Precipice Blades|p1a: Mega Silvally
|-damage|p1a: Mega Silvally|9/100
|
|-weather|DesolateLand|[upkeep]
|-damage|p2a: Groudon|94/100 tox|[from] psn
|upkeep
|turn|4

|
|move|p1a: Mega Silvally|Defog|p2a: Groudon
|-unboost|p2a: Groudon|evasion|1
|-sideend|p2: patata kawai xd|Stealth Rock|[from] move: Defog|[of] p2a: Groudon
|-sideend|p1: The Yeet King|Stealth Rock|[from] move: Defog|[of] p1a: Mega Silvally
|move|p2a: Groudon|Lava Plume|p1a: Mega Silvally
|-resisted|p1a: Mega Silvally
|-damage|p1a: Mega Silvally|0 fnt
|faint|p1a: Mega Silvally
|
|-weather|DesolateLand|[upkeep]
|-damage|p2a: Groudon|82/100 tox|[from] psn
|upkeep

|
|switch|p1a: Croissant|Salamence, F|100/100
|-ability|p1a: Croissant|Intimidate|boost
|-unboost|p2a: Groudon|atk|1
|turn|5

|
|detailschange|p1a: Croissant|Salamence-Mega, F
|-mega|p1a: Croissant|Salamence|Salamencite
|move|p1a: Croissant|Dragon Dance|p1a: Croissant
|-boost|p1a: Croissant|atk|1
|-boost|p1a: Croissant|spe|1
|move|p2a: Groudon|Roar|p1a: Croissant
|drag|p1a: Negrosma|Necrozma-Dusk-Mane|100/100
|
|-weather|DesolateLand|[upkeep]
|-damage|p2a: Groudon|63/100 tox|[from] psn
|upkeep
|turn|6

|
|switch|p1a: Croissant|Salamence-Mega, F|100/100
|move|p2a: Groudon|Precipice Blades|p1a: Croissant
|-immune|p1a: Croissant|[msg]
|
|-weather|DesolateLand|[upkeep]
|-damage|p2a: Groudon|39/100 tox|[from] psn
|upkeep
|turn|7

|
|move|p1a: Croissant|Dragon Dance|p1a: Croissant
|-boost|p1a: Croissant|atk|1
|-boost|p1a: Croissant|spe|1
|move|p2a: Groudon|Stealth Rock|p1a: Croissant
|-sidestart|p1: The Yeet King|move: Stealth Rock
|
|-weather|DesolateLand|[upkeep]
|-damage|p2a: Groudon|8/100 tox|[from] psn
|upkeep
|turn|8

|
|move|p1a: Croissant|Return|p2a: Groudon
|-damage|p2a: Groudon|0 fnt
|faint|p2a: Groudon
|-weather|none
|
|upkeep

|
|switch|p2a: Kyogre|Kyogre|100/100
|detailschange|p2a: Kyogre|Kyogre-Primal
|-primal|p2a: Kyogre
|-weather|PrimordialSea|[from] ability: Primordial Sea|[of] p2a: Kyogre
|turn|9

|
|move|p1a: Croissant|Return|p2a: Kyogre
|-crit|p2a: Kyogre
|-damage|p2a: Kyogre|0 fnt
|faint|p2a: Kyogre
|-weather|none
|
|upkeep

|c|☆The Yeet King|FUCKING EAASY

|c|☆The Yeet King|GET DONE

|c|☆The Yeet King|FUCK OUTA HERE

|
|switch|p2a: Yveltal|Yveltal|100/100
|-ability|p2a: Yveltal|Dark Aura
|turn|10

|c|☆The Yeet King|SIT THE HELL DOWN NOOB

|
|move|p1a: Croissant|Return|p2a: Yveltal
|-damage|p2a: Yveltal|0 fnt
|faint|p2a: Yveltal
|
|upkeep

|
|switch|p2a: Gengar|Gengar, M|100/100
|turn|11

|c|☆The Yeet King|WAY too fucking easy lmao

|
|detailschange|p2a: Gengar|Gengar-Mega, M
|-mega|p2a: Gengar|Gengar|Gengarite
|move|p1a: Croissant|Return|p2a: Gengar
|-damage|p2a: Gengar|0 fnt
|faint|p2a: Gengar
|
|upkeep

|
|switch|p2a: Xerneas|Xerneas|100/100
|-ability|p2a: Xerneas|Fairy Aura
|turn|12

|
|move|p1a: Croissant|Return|p2a: Xerneas
|-damage|p2a: Xerneas|0 fnt
|faint|p2a: Xerneas
|
|upkeep

|-message|patata kawai xd forfeited.

|
|win|The Yeet King
