|init|battle
|title|Boomclash vs. The Yeet King
|j|☆Boomclash
|j|☆The Yeet King
|player|p1|Boomclash|52
|player|p2|The Yeet King|156
|teamsize|p1|6
|teamsize|p2|6
|gametype|singles
|gen|7
|tier|[Gen 7] Ubers
|rated|
|rule|Sleep Clause Mod: Limit one foe put to sleep
|rule|Species Clause: Limit one of each Pokémon
|rule|OHKO Clause: OHKO moves are banned
|rule|Moody Clause: Moody is banned
|rule|Evasion Moves Clause: Evasion moves are banned
|rule|Endless Battle Clause: Forcing endless battles is banned
|rule|HP Percentage Mod: HP is shown in percentages
|clearpoke
|poke|p1|Groudon|item
|poke|p1|Kyogre|item
|poke|p1|Xerneas|item
|poke|p1|Yveltal|item
|poke|p1|Arceus-*|item
|poke|p1|Zygarde|item
|poke|p2|Yveltal|item
|poke|p2|Groudon|item
|poke|p2|Kyogre|item
|poke|p2|Necrozma-Dusk-Mane|item
|poke|p2|Giratina-Origin|item
|poke|p2|Marshadow|item
|rule|Mega Rayquaza Clause: You cannot mega evolve Rayquaza
|teampreview
|inactive|Battle timer is ON: inactive players will automatically lose when time's up. (requested by The Yeet King)
|inactive|Boomclash has 135 seconds left.
|c|☆The Yeet King|go already, nerdface
|inactive|Boomclash has 120 seconds left.
|inactive|Boomclash has 105 seconds left.
|
|start
|switch|p1a: Groudon|Groudon|100/100
|switch|p2a: Mega Pyroar|Necrozma-Dusk-Mane|100/100
|detailschange|p1a: Groudon|Groudon-Primal
|-primal|p1a: Groudon
|-weather|DesolateLand|[from] ability: Desolate Land|[of] p1a: Groudon
|turn|1
|inactive|Boomclash has 135 seconds left.
|inactive|The Yeet King has 135 seconds left.
|inactive|The Yeet King has 120 seconds left.

|inactive|The Yeet King has 105 seconds left.

|inactive|The Yeet King has 90 seconds left.

|inactive|The Yeet King has 75 seconds left.

|inactive|The Yeet King has 60 seconds left.

|inactive|The Yeet King has 45 seconds left.

|inactive|The Yeet King has 30 seconds left.

|inactive|The Yeet King has 20 seconds left.

|
|switch|p2a: Mighty Python|Giratina-Origin, shiny|100/100
|move|p1a: Groudon|Stealth Rock|p2a: Mighty Python
|-sidestart|p2: The Yeet King|move: Stealth Rock
|
|-weather|DesolateLand|[upkeep]
|upkeep
|turn|2

|c|☆The Yeet King|dont touch my mighty python

|inactive|Boomclash has 135 seconds left.

|
|move|p2a: Mighty Python|Defog|p1a: Groudon
|-unboost|p1a: Groudon|evasion|1
|-sideend|p2: The Yeet King|Stealth Rock|[from] move: Defog|[of] p2a: Mighty Python
|move|p1a: Groudon|Stone Edge|p2a: Mighty Python
|-damage|p2a: Mighty Python|68/100
|
|-weather|DesolateLand|[upkeep]
|upkeep
|turn|3

|inactive|The Yeet King has 105 seconds left.

|inactive|The Yeet King has 90 seconds left.

|inactive|The Yeet King has 75 seconds left.

|inactive|The Yeet King has 60 seconds left.

|inactive|The Yeet King has 45 seconds left.

|inactive|The Yeet King has 30 seconds left.

|
|move|p2a: Mighty Python|Draco Meteor|p1a: Groudon
|-damage|p1a: Groudon|17/100
|-unboost|p2a: Mighty Python|spa|2
|move|p1a: Groudon|Swords Dance|p1a: Groudon
|-boost|p1a: Groudon|atk|2
|
|-weather|DesolateLand|[upkeep]
|upkeep
|turn|4

|inactive|The Yeet King has 30 seconds left.

|inactive|Boomclash has 135 seconds left.

|inactive|The Yeet King has 20 seconds left.

|
|-weather|none
|switch|p1a: Arceus|Arceus-Fairy|100/100
|move|p2a: Mighty Python|Thunder Wave|p1a: Arceus
|-status|p1a: Arceus|par
|
|upkeep
|turn|5

|c|☆The Yeet King|the actual fuck

|c|☆The Yeet King|lmao

|inactive|The Yeet King has 20 seconds left.

|
|switch|p2a: Mega Pyroar|Necrozma-Dusk-Mane|100/100
|cant|p1a: Arceus|par
|
|upkeep
|turn|6

|
|move|p2a: Mega Pyroar|Stealth Rock|p1a: Arceus
|-sidestart|p1: Boomclash|move: Stealth Rock
|move|p1a: Arceus|Earth Power|p2a: Mega Pyroar
|-supereffective|p2a: Mega Pyroar
|-damage|p2a: Mega Pyroar|78/100
|
|-heal|p2a: Mega Pyroar|84/100|[from] item: Leftovers
|upkeep
|turn|7

|inactive|The Yeet King has 30 seconds left.

|inactive|The Yeet King has 20 seconds left.

|inactive|The Yeet King has 15 seconds left.

|
|move|p2a: Mega Pyroar|Sunsteel Strike|p1a: Arceus
|-supereffective|p1a: Arceus
|-damage|p1a: Arceus|30/100 par
|cant|p1a: Arceus|par
|
|-heal|p2a: Mega Pyroar|90/100|[from] item: Leftovers
|upkeep
|turn|8

|inactive|The Yeet King has 20 seconds left.

|c|☆The Yeet King|lmao fuck off nerd

|
|switch|p1a: Groudon|Groudon-Primal|17/100
|-damage|p1a: Groudon|4/100|[from] Stealth Rock
|-weather|DesolateLand|[from] ability: Desolate Land|[of] p1a: Groudon
|move|p2a: Mega Pyroar|Sunsteel Strike|p1a: Groudon
|-resisted|p1a: Groudon
|-damage|p1a: Groudon|0 fnt
|faint|p1a: Groudon
|-weather|none
|
|-heal|p2a: Mega Pyroar|96/100|[from] item: Leftovers
|upkeep

|inactive|Boomclash has 135 seconds left.

|
|switch|p1a: Yveltal|Yveltal|100/100
|-damage|p1a: Yveltal|76/100|[from] Stealth Rock
|-ability|p1a: Yveltal|Dark Aura
|turn|9

|
|switch|p2a: peedon|Groudon|100/100
|detailschange|p2a: peedon|Groudon-Primal
|-primal|p2a: peedon
|-weather|DesolateLand|[from] ability: Desolate Land|[of] p2a: peedon
|move|p1a: Yveltal|Knock Off|p2a: peedon
|-damage|p2a: peedon|70/100
|-damage|p1a: Yveltal|66/100|[from] item: Life Orb
|
|-weather|DesolateLand|[upkeep]
|upkeep
|turn|10

|
|move|p1a: Yveltal|Taunt|p2a: peedon
|-start|p2a: peedon|move: Taunt
|cant|p2a: peedon|move: Taunt|Rock Polish
|
|-weather|DesolateLand|[upkeep]
|upkeep
|turn|11

|
|move|p1a: Yveltal|Dark Pulse|p2a: peedon
|-damage|p2a: peedon|3/100
|-damage|p1a: Yveltal|56/100|[from] item: Life Orb
|cant|p2a: peedon|flinch
|
|-weather|DesolateLand|[upkeep]
|upkeep
|turn|12

|
|move|p1a: Yveltal|Dark Pulse|p2a: peedon
|-damage|p2a: peedon|0 fnt
|-damage|p1a: Yveltal|46/100|[from] item: Life Orb
|faint|p2a: peedon
|-weather|none
|
|upkeep

|inactive|The Yeet King has 60 seconds left.

|
|switch|p2a: bitch whale|Kyogre|100/100
|detailschange|p2a: bitch whale|Kyogre-Primal
|-primal|p2a: bitch whale
|-weather|PrimordialSea|[from] ability: Primordial Sea|[of] p2a: bitch whale
|turn|13

|inactive|The Yeet King has 60 seconds left.

|
|move|p1a: Yveltal|Oblivion Wing|p2a: bitch whale
|-damage|p2a: bitch whale|66/100
|-heal|p1a: Yveltal|69/100|[from] drain|[of] p2a: bitch whale
|-damage|p1a: Yveltal|59/100|[from] item: Life Orb
|move|p2a: bitch whale|Thunder|p1a: Yveltal
|-supereffective|p1a: Yveltal
|-damage|p1a: Yveltal|0 fnt
|faint|p1a: Yveltal
|
|-weather|PrimordialSea|[upkeep]
|upkeep

|c|☆The Yeet King|easy

|inactive|Boomclash has 135 seconds left.

|c|☆Boomclash|tg

|inactive|Boomclash has 120 seconds left.

|c|☆The Yeet King|yeah fuck off nerd

|
|switch|p1a: Xerneas|Xerneas|100/100
|-damage|p1a: Xerneas|88/100|[from] Stealth Rock
|-ability|p1a: Xerneas|Fairy Aura
|turn|14

|inactive|The Yeet King has 75 seconds left.

|
|move|p1a: Xerneas|Aromatherapy|p1a: Xerneas
|-activate|p1a: Xerneas|move: Aromatherapy
|-curestatus|p1: Arceus|par|[msg]
|move|p2a: bitch whale|Origin Pulse|p1a: Xerneas
|-damage|p1a: Xerneas|0 fnt
|faint|p1a: Xerneas
|
|-weather|PrimordialSea|[upkeep]
|upkeep

|inactive|Boomclash has 135 seconds left.

|
|switch|p1a: Kyogre|Kyogre|100/100
|-damage|p1a: Kyogre|88/100|[from] Stealth Rock
|detailschange|p1a: Kyogre|Kyogre-Primal
|-primal|p1a: Kyogre
|turn|15

|inactive|The Yeet King has 75 seconds left.

|
|move|p2a: bitch whale|Thunder|p1a: Kyogre
|-supereffective|p1a: Kyogre
|-damage|p1a: Kyogre|34/100
|move|p1a: Kyogre|Toxic|p2a: bitch whale
|-status|p2a: bitch whale|tox
|
|-weather|PrimordialSea|[upkeep]
|-damage|p2a: bitch whale|60/100 tox|[from] psn
|upkeep
|turn|16

|inactive|The Yeet King has 75 seconds left.

|
|move|p2a: bitch whale|Ice Beam|p1a: Kyogre
|-resisted|p1a: Kyogre
|-damage|p1a: Kyogre|21/100
|move|p1a: Kyogre|Rest|p1a: Kyogre
|-status|p1a: Kyogre|slp
|-heal|p1a: Kyogre|100/100 slp|[silent]
|-status|p1a: Kyogre|slp|[from] move: Rest
|
|-weather|PrimordialSea|[upkeep]
|-damage|p2a: bitch whale|48/100 tox|[from] psn
|upkeep
|turn|17

|inactive|The Yeet King has 75 seconds left.

|inactive|Boomclash has 135 seconds left.

|
|switch|p2a: flying bacon|Yveltal, shiny|100/100
|-ability|p2a: flying bacon|Dark Aura
|cant|p1a: Kyogre|slp
|move|p1a: Kyogre|Sleep Talk|p1a: Kyogre
|move|p1a: Kyogre|Rest|p1a: Kyogre|[from]Sleep Talk
|-fail|p1a: Kyogre
|
|-weather|PrimordialSea|[upkeep]
|upkeep
|turn|18

|
|move|p2a: flying bacon|Dark Pulse|p1a: Kyogre
|-damage|p1a: Kyogre|63/100 slp
|-damage|p2a: flying bacon|91/100|[from] item: Life Orb
|cant|p1a: Kyogre|slp
|move|p1a: Kyogre|Sleep Talk|p1a: Kyogre
|move|p1a: Kyogre|Rest|p1a: Kyogre|[from]Sleep Talk
|-fail|p1a: Kyogre
|
|-weather|PrimordialSea|[upkeep]
|upkeep
|turn|19

|
|move|p2a: flying bacon|Dark Pulse|p1a: Kyogre
|-damage|p1a: Kyogre|19/100 slp
|-damage|p2a: flying bacon|81/100|[from] item: Life Orb
|-curestatus|p1a: Kyogre|slp|[msg]
|cant|p1a: Kyogre|flinch
|
|-weather|PrimordialSea|[upkeep]
|upkeep
|turn|20

|c|☆The Yeet King|easy

|inactive|Boomclash has 135 seconds left.

|
|move|p2a: flying bacon|Knock Off|p1a: Kyogre
|-damage|p1a: Kyogre|0 fnt
|-damage|p2a: flying bacon|71/100|[from] item: Life Orb
|faint|p1a: Kyogre
|-weather|none
|
|upkeep

|c|☆Boomclash|tg

|inactive|Boomclash has 135 seconds left.

|
|switch|p1a: Zygarde|Zygarde|100/100
|-damage|p1a: Zygarde|94/100|[from] Stealth Rock
|turn|21

|
|move|p2a: flying bacon|Knock Off|p1a: Zygarde
|-damage|p1a: Zygarde|36/100
|-enditem|p1a: Zygarde|Leftovers|[from] move: Knock Off|[of] p2a: flying bacon
|-damage|p2a: flying bacon|61/100|[from] item: Life Orb
|move|p1a: Zygarde|Substitute|p1a: Zygarde
|-start|p1a: Zygarde|Substitute
|-damage|p1a: Zygarde|11/100
|
|-activate|p1a: Zygarde|ability: Power Construct
|detailschange|p1a: Zygarde|Zygarde-Complete
|-heal|p1a: Zygarde|45/100|[silent]
|upkeep
|turn|22

|inactive|The Yeet King has 105 seconds left.

|inactive|Boomclash has 135 seconds left.

|
|move|p2a: flying bacon|Oblivion Wing|p1a: Zygarde
|-end|p1a: Zygarde|Substitute
|-heal|p2a: flying bacon|78/100|[from] drain|[of] p1a: Zygarde
|-damage|p2a: flying bacon|68/100|[from] item: Life Orb
|move|p1a: Zygarde|Dragon Dance|p1a: Zygarde
|-boost|p1a: Zygarde|atk|1
|-boost|p1a: Zygarde|spe|1
|
|upkeep
|turn|23

|inactive|Boomclash has 135 seconds left.

|inactive|The Yeet King has 105 seconds left.

|inactive|The Yeet King has 90 seconds left.

|inactive|The Yeet King has 75 seconds left.

|inactive|The Yeet King has 60 seconds left.

|inactive|The Yeet King has 45 seconds left.

|
|move|p2a: flying bacon|Oblivion Wing|p1a: Zygarde
|-damage|p1a: Zygarde|14/100
|-heal|p2a: flying bacon|100/100|[from] drain|[of] p1a: Zygarde
|-damage|p2a: flying bacon|91/100|[from] item: Life Orb
|move|p1a: Zygarde|Dragon Tail|p2a: flying bacon
|-crit|p2a: flying bacon
|-damage|p2a: flying bacon|34/100
|drag|p2a: Mega Pyroar|Necrozma-Dusk-Mane|96/100
|
|-heal|p2a: Mega Pyroar|100/100|[from] item: Leftovers
|upkeep
|turn|24

|inactive|Boomclash has 135 seconds left.

|
|move|p1a: Zygarde|Thousand Arrows|p2a: Mega Pyroar
|-supereffective|p2a: Mega Pyroar
|-damage|p2a: Mega Pyroar|36/100
|move|p2a: Mega Pyroar|Sunsteel Strike|p1a: Zygarde
|-damage|p1a: Zygarde|0 fnt
|faint|p1a: Zygarde
|
|-heal|p2a: Mega Pyroar|42/100|[from] item: Leftovers
|upkeep

|inactive|Boomclash has 135 seconds left.

|
|switch|p1a: Arceus|Arceus-Fairy|30/100
|-damage|p1a: Arceus|18/100|[from] Stealth Rock
|turn|25

|inactive|Boomclash has 135 seconds left.

|inactive|The Yeet King has 60 seconds left.

|inactive|The Yeet King has 45 seconds left.

|inactive|The Yeet King has 30 seconds left.

|inactive|The Yeet King has 20 seconds left.

|inactive|The Yeet King has 15 seconds left.

|inactive|The Yeet King has 10 seconds left.

|inactive|The Yeet King has 5 seconds left.

|-message|The Yeet King lost due to inactivity.
|
|win|Boomclash
